
@article{chan2020,
	title = {Reproductive tract extracellular vesicles are sufficient to transmit intergenerational stress and program neurodevelopment.},
	author = {{Chan}, {Jennifer C} and {Morgan}, {Christopher P} and {Adrian Leu}, {N} and {Shetty}, {Amol} and {Cisse}, {Yasmine M} and {Nugent}, {Bridget M} and {Morrison}, {Kathleen E} and {Ja{\v{s}}arevi{\'{c}}}, {Eldin} and {Huang}, {Weiliang} and {Kanyuch}, {Nickole} and {Rodgers}, {Ali B} and {Bhanu}, {Natarajan V} and {Berger}, {Dara S} and {Garcia}, {Benjamin A} and {Ament}, {Seth} and {Kane}, {Maureen} and {Neill Epperson}, {C} and {Bale}, {Tracy L}},
	year = {2020},
	month = {03},
	date = {2020-03-20},
	journal = {Nature Communications},
	pages = {1499},
	volume = {11},
	number = {1},
	doi = {10.1038/s41467-020-15305-w},
	url = {http://www.nature.com/articles/s41467-020-15305-w},
	note = {PMID: 32198406
PMCID: PMC7083921}
}

@article{franklin2010,
	title = {Epigenetic transmission of the impact of early stress across generations.},
	author = {{Franklin}, {Tamara B} and {Russig}, {Holger} and {Weiss}, {Isabelle C} and {Gräff}, {Johannes} and {Linder}, {Natacha} and {Michalon}, {Aubin} and {Vizi}, {Sandor} and {Mansuy}, {Isabelle M}},
	year = {2010},
	month = {09},
	date = {2010-09-01},
	journal = {Biological Psychiatry},
	pages = {408{\textendash}415},
	volume = {68},
	number = {5},
	doi = {10.1016/j.biopsych.2010.05.036},
	url = {http://dx.doi.org/10.1016/j.biopsych.2010.05.036},
	note = {PMID: 20673872}
}

@article{sharma2016,
	title = {Biogenesis and function of tRNA fragments during sperm maturation and fertilization in mammals.},
	author = {{Sharma}, {Upasna} and {Conine}, {Colin C} and {Shea}, {Jeremy M} and {Boskovic}, {Ana} and {Derr}, {Alan G} and {Bing}, {Xin Y} and {Belleannee}, {Clemence} and {Kucukural}, {Alper} and {Serra}, {Ryan W} and {Sun}, {Fengyun} and {Song}, {Lina} and {Carone}, {Benjamin R} and {Ricci}, {Emiliano P} and {Li}, {Xin Z} and {Fauquier}, {Lucas} and {Moore}, {Melissa J} and {Sullivan}, {Robert} and {Mello}, {Craig C} and {Garber}, {Manuel} and {Rando}, {Oliver J}},
	year = {2016},
	month = {01},
	date = {2016-01-22},
	journal = {Science},
	pages = {391{\textendash}396},
	volume = {351},
	number = {6271},
	doi = {10.1126/science.aad6780},
	url = {http://dx.doi.org/10.1126/science.aad6780},
	note = {PMID: 26721685
PMCID: PMC4888079}
}

@article{conine2018,
	title = {Small RNAs Gained during Epididymal Transit of Sperm Are Essential for Embryonic Development in Mice.},
	author = {{Conine}, {Colin C} and {Sun}, {Fengyun} and {Song}, {Lina} and {Rivera-Pérez}, {Jaime A} and {Rando}, {Oliver J}},
	year = {2018},
	month = {08},
	date = {2018-08-20},
	journal = {Developmental Cell},
	pages = {470{\textendash}480.e3},
	volume = {46},
	number = {4},
	doi = {10.1016/j.devcel.2018.06.024},
	url = {https://linkinghub.elsevier.com/retrieve/pii/S1534580718305410},
	note = {PMID: 30057276
PMCID: PMC6103825}
}

@book{chacon2021,
	title = {Pro Git},
	author = {{Chacon}, {Scott} and {Straub}, {Ben}},
	year = {2021},
	date = {2021},
	url = {https://git-scm.com/book/en/v2}
}

@article{brown2018,
	title = {git-fat},
	author = {{Brown}, {Jed}},
	year = {2018},
	date = {2018},
	url = {https://github.com/jedbrown/git-fat},
	note = {Type: SOFTWARE.COMPUTER{\_}SOFTWARE}
}

@article{andrews2012,
	title = {FastQC},
	author = {{Andrews}, {Simon} and {Krueger}, {Felix} and {Segonds-Pichon}, {Anne} and {Biggins}, {Laura} and {Krueger}, {Christel} and {Wingett}, {Steven}},
	year = {2012},
	month = {01},
	date = {2012-01},
	note = {Place: Babraham, UK
Type: OTHER}
}

@article{ewing1998,
	title = {Base-calling of automated sequencer traces using phred. II. Error probabilities.},
	author = {{Ewing}, {B} and {Green}, {P}},
	year = {1998},
	month = {03},
	date = {1998-03},
	journal = {Genome Research},
	pages = {186--194},
	volume = {8},
	number = {3},
	url = {https://www.ncbi.nlm.nih.gov/pubmed/9521922},
	note = {PMID: 9521922}
}

@article{ewels2016,
	title = {MultiQC: summarize analysis results for multiple tools and samples in a single report.},
	author = {{Ewels}, {Philip} and {Magnusson}, {Måns} and {Lundin}, {Sverker} and {Käller}, {Max}},
	year = {2016},
	month = {10},
	date = {2016-10-01},
	journal = {Bioinformatics},
	pages = {3047--3048},
	volume = {32},
	number = {19},
	doi = {10.1093/bioinformatics/btw354},
	url = {http://dx.doi.org/10.1093/bioinformatics/btw354},
	note = {PMID: 27312411
PMCID: PMC5039924}
}

@article{könig2010,
	title = {iCLIP reveals the function of hnRNP particles in splicing at individual nucleotide resolution.},
	author = {{König}, {Julian} and {Zarnack}, {Kathi} and {Rot}, {Gregor} and {Curk}, {Tomaz} and {Kayikci}, {Melis} and {Zupan}, {Blaz} and {Turner}, {Daniel J} and {Luscombe}, {Nicholas M} and {Ule}, {Jernej}},
	year = {2010},
	month = {07},
	date = {2010-07-04},
	journal = {Nature Structural & Molecular Biology},
	pages = {909--915},
	volume = {17},
	number = {7},
	doi = {10.1038/nsmb.1838},
	url = {http://dx.doi.org/10.1038/nsmb.1838},
	note = {PMID: 20601959
PMCID: PMC3000544}
}

@article{patro2017,
	title = {Salmon provides fast and bias-aware quantification of transcript expression},
	author = {{Patro}, {Rob} and {Duggal}, {Geet} and {Love}, {Michael I.} and {Irizarry}, {Rafael A.} and {Kingsford}, {Carl}},
	year = {2017},
	month = {03},
	date = {2017-03},
	journal = {Nature Methods},
	pages = {417--419},
	volume = {14},
	number = {4},
	doi = {10.1038/nmeth.4197},
	url = {https://doi.org/10.1038%2Fnmeth.4197},
	note = {Publisher: Springer Science and Business Media {\textbraceleft}LLC{\textbraceright}}
}

@article{bray2016,
	title = {Near-optimal probabilistic RNA-seq quantification.},
	author = {{Bray}, {Nicolas L} and {Pimentel}, {Harold} and {Melsted}, {Páll} and {Pachter}, {Lior}},
	year = {2016},
	month = {05},
	date = {2016-05},
	journal = {Nature Biotechnology},
	pages = {525--527},
	volume = {34},
	number = {5},
	doi = {10.1038/nbt.3519},
	url = {http://www.nature.com/doifinder/10.1038/nbt.3519},
	note = {PMID: 27043002}
}

@article{gapp2020,
	title = {Alterations in sperm long RNA contribute to the epigenetic inheritance of the effects of postnatal trauma.},
	author = {{Gapp}, {K} and {van Steenwyk}, {G} and {Germain}, {P L} and {Matsushima}, {W} and {Rudolph}, {K L M} and {Manuella}, {F} and {Roszkowski}, {M} and {Vernaz}, {G} and {Ghosh}, {T} and {Pelczar}, {P} and {Mansuy}, {I M} and {Miska}, {E A}},
	year = {2020},
	date = {2020},
	journal = {Molecular Psychiatry},
	pages = {2162{\textendash}2174},
	volume = {25},
	number = {9},
	doi = {10.1038/s41380-018-0271-6},
	url = {http://www.nature.com/articles/s41380-018-0271-6},
	note = {PMID: 30374190
PMCID: PMC7473836}
}

@article{liao2019,
	title = {The R package Rsubread is easier, faster, cheaper and better for alignment and quantification of RNA sequencing reads},
	author = {{Liao}, {Yang} and {Smyth}, {Gordon K.} and {Shi}, {Wei}},
	year = {2019},
	month = {02},
	date = {2019-02},
	journal = {Nucleic Acids Research},
	pages = {e47{\textendash}e47},
	volume = {47},
	number = {8},
	doi = {10.1093/nar/gkz114},
	url = {https://doi.org/10.1093%2Fnar%2Fgkz114},
	note = {Publisher: Oxford University Press ({\textbraceleft}OUP{\textbraceright})}
}

@article{yi2018,
	title = {A direct comparison of genome alignment and transcriptome pseudoalignment},
	author = {{Yi}, {Lynn} and {Liu}, {Lauren} and {Melsted}, {Pall} and {Pachter}, {Lior}},
	year = {2018},
	month = {10},
	date = {2018-10-16},
	journal = {BioRxiv},
	doi = {10.1101/444620},
	url = {http://biorxiv.org/lookup/doi/10.1101/444620}
}

@article{wu2018,
	title = {Limitations of alignment-free tools in total RNA-seq quantification.},
	author = {{Wu}, {Douglas C} and {Yao}, {Jun} and {Ho}, {Kevin S} and {Lambowitz}, {Alan M} and {Wilke}, {Claus O}},
	year = {2018},
	month = {07},
	date = {2018-07-03},
	journal = {BMC Genomics},
	pages = {510},
	volume = {19},
	number = {1},
	doi = {10.1186/s12864-018-4869-5},
	url = {https://bmcgenomics.biomedcentral.com/articles/10.1186/s12864-018-4869-5},
	note = {PMID: 29969991
PMCID: PMC6042521}
}

@article{tarasov2015,
	title = {Sambamba: fast processing of NGS alignment formats.},
	author = {{Tarasov}, {Artem} and {Vilella}, {Albert J} and {Cuppen}, {Edwin} and {Nijman}, {Isaac J} and {Prins}, {Pjotr}},
	year = {2015},
	month = {06},
	date = {2015-06-15},
	journal = {Bioinformatics},
	pages = {2032--2034},
	volume = {31},
	number = {12},
	doi = {10.1093/bioinformatics/btv098},
	url = {http://dx.doi.org/10.1093/bioinformatics/btv098},
	note = {PMID: 25697820
PMCID: PMC4765878}
}

@article{sayols2016,
	title = {dupRadar: a Bioconductor package for the assessment of PCR artifacts in RNA-Seq data.},
	author = {{Sayols}, {Sergi} and {Scherzinger}, {Denise} and {Klein}, {Holger}},
	year = {2016},
	month = {10},
	date = {2016-10-21},
	journal = {BMC Bioinformatics},
	pages = {428},
	volume = {17},
	number = {1},
	doi = {10.1186/s12859-016-1276-2},
	url = {http://dx.doi.org/10.1186/s12859-016-1276-2},
	note = {PMID: 27769170
PMCID: PMC5073875}
}

@article{robinson2010,
	title = {edgeR: a Bioconductor package for differential expression analysis of digital gene expression data.},
	author = {{Robinson}, {Mark D} and {McCarthy}, {Davis J} and {Smyth}, {Gordon K}},
	year = {2010},
	month = {01},
	date = {2010-01-01},
	journal = {Bioinformatics},
	pages = {139{\textendash}140},
	volume = {26},
	number = {1},
	doi = {10.1093/bioinformatics/btp616},
	url = {http://dx.doi.org/10.1093/bioinformatics/btp616},
	note = {PMID: 19910308
PMCID: PMC2796818}
}



@article{germain2020,
	title = {pipeComp, a general framework for the evaluation of computational pipelines, reveals performant single cell RNA-seq preprocessing tools.},
	author = {{Germain}, {Pierre-Luc} and {Sonrel}, {Anthony} and {Robinson}, {Mark D}},
	year = {2020},
	month = {09},
	date = {2020-09-01},
	journal = {Genome Biology},
	pages = {227},
	volume = {21},
	number = {1},
	doi = {10.1186/s13059-020-02136-7},
	url = {https://genomebiology.biomedcentral.com/articles/10.1186/s13059-020-02136-7},
	note = {PMID: 32873325
PMCID: PMC7465801}
}

@article{law2014,
	title = {voom: precision weights unlock linear model analysis tools for RNA-seq read counts},
	author = {{Law}, {Charity W.} and {Chen}, {Yunshun} and {Shi}, {Wei} and {Smyth}, {Gordon K.}},
	year = {2014},
	date = {2014},
	journal = {Genome Biology},
	pages = {R29},
	volume = {15},
	number = {2},
	doi = {10.1186/gb-2014-15-2-r29},
	url = {https://doi.org/10.1186%2Fgb-2014-15-2-r29},
	note = {Publisher: Springer Science and Business Media {\textbraceleft}LLC{\textbraceright}}
}

@article{ritchie2015,
	title = {limma powers differential expression analyses for RNA-sequencing and microarray studies.},
	author = {{Ritchie}, {Matthew E} and {Phipson}, {Belinda} and {Wu}, {Di} and {Hu}, {Yifang} and {Law}, {Charity W} and {Shi}, {Wei} and {Smyth}, {Gordon K}},
	year = {2015},
	month = {04},
	date = {2015-04-20},
	journal = {Nucleic Acids Research},
	pages = {e47},
	volume = {43},
	number = {7},
	doi = {10.1093/nar/gkv007},
	url = {http://dx.doi.org/10.1093/nar/gkv007},
	note = {PMID: 25605792
PMCID: PMC4402510}
}

@article{vitting-seerup2017,
	title = {The landscape of isoform switches in human cancers.},
	author = {{Vitting-Seerup}, {Kristoffer} and {Sandelin}, {Albin}},
	year = {2017},
	month = {09},
	date = {2017-09},
	journal = {Molecular Cancer Research},
	pages = {1206--1220},
	volume = {15},
	number = {9},
	doi = {10.1158/1541-7786.MCR-16-0459},
	url = {http://dx.doi.org/10.1158/1541-7786.MCR-16-0459},
	note = {PMID: 28584021}
}

@article{vitting-seerup2019,
	title = {IsoformSwitchAnalyzeR: analysis of changes in genome-wide patterns of alternative splicing and its functional consequences.},
	author = {{Vitting-Seerup}, {Kristoffer} and {Sandelin}, {Albin}},
	year = {2019},
	month = {11},
	date = {2019-11-01},
	journal = {Bioinformatics},
	pages = {4469--4471},
	volume = {35},
	number = {21},
	doi = {10.1093/bioinformatics/btz247},
	url = {http://dx.doi.org/10.1093/bioinformatics/btz247},
	note = {PMID: 30989184}
}

@article{mayr2019,
	title = {What are 3' utrs doing?},
	author = {{Mayr}, {Christine}},
	year = {2019},
	month = {10},
	date = {2019-10-01},
	journal = {Cold Spring Harbor Perspectives in Biology},
	volume = {11},
	number = {10},
	doi = {10.1101/cshperspect.a034728},
	url = {http://dx.doi.org/10.1101/cshperspect.a034728},
	note = {PMID: 30181377
PMCID: PMC6771366}
}

@article{gerber2021,
	title = {Streamlining differential exon and 3' UTR usage with diffUTR},
	author = {{Gerber}, {Stefan} and {Schratt}, {Gerhard} and {Germain}, {Pierre-Luc}},
	year = {2021},
	month = {02},
	date = {2021-02-13},
	journal = {BioRxiv},
	doi = {10.1101/2021.02.12.430963},
	url = {http://biorxiv.org/lookup/doi/10.1101/2021.02.12.430963}
}

@article{kanehisa2021,
	title = {KEGG: integrating viruses and cellular organisms.},
	author = {{Kanehisa}, {Minoru} and {Furumichi}, {Miho} and {Sato}, {Yoko} and {Ishiguro-Watanabe}, {Mari} and {Tanabe}, {Mao}},
	year = {2021},
	month = {01},
	date = {2021-01-08},
	journal = {Nucleic Acids Research},
	pages = {D545--D551},
	volume = {49},
	number = {D1},
	doi = {10.1093/nar/gkaa970},
	url = {http://dx.doi.org/10.1093/nar/gkaa970},
	note = {PMID: 33125081
PMCID: PMC7779016}
}

@article{jassal2020,
	title = {The Reactome Pathway Knowledgebase.},
	author = {{Jassal}, {Bijay} and {Matthews}, {Lisa} and {Viteri}, {Guilherme} and {Gong}, {Chuqiao} and {Lorente}, {Pascual} and {Fabregat}, {Antonio} and {Sidiropoulos}, {Konstantinos} and {Cook}, {Justin} and {Gillespie}, {Marc} and {Haw}, {Robin} and {Loney}, {Fred} and {May}, {Bruce} and {Milacic}, {Marija} and {Rothfels}, {Karen} and {Sevilla}, {Cristoffer} and {Shamovsky}, {Veronica} and {Shorser}, {Solomon} and {Varusai}, {Thawfeek} and {Weiser}, {Joel} and {Wu}, {Guanming} and {Stein}, {Lincoln} and {Hermjakob}, {Henning} and {D'Eustachio}, {Peter}},
	year = {2020},
	month = {01},
	date = {2020-01-08},
	journal = {Nucleic Acids Research},
	pages = {D498--D503},
	volume = {48},
	number = {D1},
	doi = {10.1093/nar/gkz1031},
	url = {http://dx.doi.org/10.1093/nar/gkz1031},
	note = {PMID: 31691815}
}

@article{consortium2021,
	title = {The Gene Ontology resource: enriching a GOld mine.},
	author = {{Consortium}, {Gene Ontology}},
	year = {2021},
	month = {01},
	date = {2021-01-08},
	journal = {Nucleic Acids Research},
	pages = {D325--D334},
	volume = {49},
	number = {D1},
	doi = {10.1093/nar/gkaa1113},
	url = {http://dx.doi.org/10.1093/nar/gkaa1113},
	note = {PMID: 33290552
PMCID: PMC7779012}
}

@article{subramanian2005,
	title = {Gene set enrichment analysis: a knowledge-based approach for interpreting genome-wide expression profiles.},
	author = {{Subramanian}, {Aravind} and {Tamayo}, {Pablo} and {Mootha}, {Vamsi K} and {Mukherjee}, {Sayan} and {Ebert}, {Benjamin L} and {Gillette}, {Michael A} and {Paulovich}, {Amanda} and {Pomeroy}, {Scott L} and {Golub}, {Todd R} and {Lander}, {Eric S} and {Mesirov}, {Jill P}},
	year = {2005},
	month = {10},
	date = {2005-10-25},
	journal = {Proceedings of the National Academy of Sciences of the United States of America},
	pages = {15545--15550},
	volume = {102},
	number = {43},
	doi = {10.1073/pnas.0506580102},
	url = {http://dx.doi.org/10.1073/pnas.0506580102},
	note = {PMID: 16199517
PMCID: PMC1239896}
}

@article{young2010,
	title = {Gene ontology analysis for RNA-seq: accounting for selection bias.},
	author = {{Young}, {Matthew D} and {Wakefield}, {Matthew J} and {Smyth}, {Gordon K} and {Oshlack}, {Alicia}},
	year = {2010},
	month = {02},
	date = {2010-02-04},
	journal = {Genome Biology},
	pages = {R14},
	volume = {11},
	number = {2},
	doi = {10.1186/gb-2010-11-2-r14},
	url = {http://dx.doi.org/10.1186/gb-2010-11-2-r14},
	note = {PMID: 20132535
PMCID: PMC2872874}
}

@article{korotkevich2016,
	title = {Fast gene set enrichment analysis},
	author = {{Korotkevich}, {Gennady} and {Sukhov}, {Vladimir} and {Budin}, {Nikolay} and {Shpak}, {Boris} and {Artyomov}, {Maxim N.} and {Sergushichev}, {Alexey}},
	year = {2016},
	month = {06},
	date = {2016-06-20},
	journal = {BioRxiv},
	doi = {10.1101/060012},
	url = {http://biorxiv.org/lookup/doi/10.1101/060012}
}

@article{wu2012,
	title = {Camera: a competitive gene set test accounting for inter-gene correlation.},
	author = {{Wu}, {Di} and {Smyth}, {Gordon K}},
	year = {2012},
	month = {09},
	date = {2012-09-01},
	journal = {Nucleic Acids Research},
	pages = {e133},
	volume = {40},
	number = {17},
	doi = {10.1093/nar/gks461},
	url = {http://dx.doi.org/10.1093/nar/gks461},
	note = {PMID: 22638577
PMCID: PMC3458527}
}

@article{wu2010,
	title = {ROAST: rotation gene set tests for complex microarray experiments.},
	author = {{Wu}, {Di} and {Lim}, {Elgene} and {Vaillant}, {François} and {Asselin-Labat}, {Marie-Liesse} and {Visvader}, {Jane E} and {Smyth}, {Gordon K}},
	year = {2010},
	month = {09},
	date = {2010-09-01},
	journal = {Bioinformatics},
	pages = {2176--2182},
	volume = {26},
	number = {17},
	doi = {10.1093/bioinformatics/btq401},
	url = {http://dx.doi.org/10.1093/bioinformatics/btq401},
	note = {PMID: 20610611
PMCID: PMC2922896}
}

@article{buenrostro2015,
	title = {ATAC-seq: a method for assaying chromatin accessibility genome-wide.},
	author = {{Buenrostro}, {Jason D} and {Wu}, {Beijing} and {Chang}, {Howard Y} and {Greenleaf}, {William J}},
	year = {2015},
	month = {01},
	date = {2015-01-05},
	journal = {Current Protocols in Molecular Biology},
	pages = {21.29.1--21.29.9},
	volume = {109},
	doi = {10.1002/0471142727.mb2129s109},
	url = {http://dx.doi.org/10.1002/0471142727.mb2129s109},
	note = {PMID: 25559105
PMCID: PMC4374986}
}

@article{mccarthy2009,
	title = {Testing significance relative to a fold-change threshold is a TREAT.},
	author = {{McCarthy}, {Davis J} and {Smyth}, {Gordon K}},
	year = {2009},
	month = {03},
	date = {2009-03-15},
	journal = {Bioinformatics},
	pages = {765--771},
	volume = {25},
	number = {6},
	doi = {10.1093/bioinformatics/btp053},
	url = {http://dx.doi.org/10.1093/bioinformatics/btp053},
	note = {PMID: 19176553
PMCID: PMC2654802}
}

@article{langmead2012,
	title = {Fast gapped-read alignment with Bowtie 2},
	author = {{Langmead}, {Ben} and {Salzberg}, {Steven L.}},
	year = {2012},
	month = {03},
	date = {2012-03},
	journal = {Nature Methods},
	pages = {357--359},
	volume = {9},
	number = {4},
	doi = {10.1038/nmeth.1923},
	url = {https://doi.org/10.1038%2Fnmeth.1923},
	note = {Publisher: Springer Science and Business Media {\textbraceleft}LLC{\textbraceright}}
}

@article{kia2017,
	title = {Improved genome sequencing using an engineered transposase.},
	author = {{Kia}, {Amirali} and {Gloeckner}, {Christian} and {Osothprarop}, {Trina} and {Gormley}, {Niall} and {Bomati}, {Erin} and {Stephenson}, {Michelle} and {Goryshin}, {Igor} and {He}, {Molly Min}},
	year = {2017},
	month = {01},
	date = {2017-01-17},
	journal = {BMC Biotechnology},
	pages = {6},
	volume = {17},
	number = {1},
	doi = {10.1186/s12896-016-0326-1},
	url = {http://dx.doi.org/10.1186/s12896-016-0326-1},
	note = {PMID: 28095828
PMCID: PMC5240201}
}

@article{buenrostro2013,
	title = {Transposition of native chromatin for fast and sensitive epigenomic profiling of open chromatin, DNA-binding proteins and nucleosome position.},
	author = {{Buenrostro}, {Jason D} and {Giresi}, {Paul G} and {Zaba}, {Lisa C} and {Chang}, {Howard Y} and {Greenleaf}, {William J}},
	year = {2013},
	month = {12},
	date = {2013-12},
	journal = {Nature Methods},
	pages = {1213--1218},
	volume = {10},
	number = {12},
	doi = {10.1038/nmeth.2688},
	url = {http://dx.doi.org/10.1038/nmeth.2688},
	note = {PMID: 24097267
PMCID: PMC3959825}
}

@article{ramirez2016,
	title = {deepTools2: a next generation web server for deep-sequencing data analysis},
	author = {{Ramirez}, {Fidel} and {Ryan}, {Devon P.} and {Grüning}, {Björn} and {Bhardwaj}, {Vivek} and {Kilpert}, {Fabian} and {Richter}, {Andreas S.} and {Heyne}, {Steffen} and {Dündar}, {Friederike} and {Manke}, {Thomas}},
	year = {2016},
	month = {04},
	date = {2016-04},
	journal = {Nucleic Acids Research},
	pages = {W160{\textendash}W165},
	volume = {44},
	number = {W1},
	doi = {10.1093/nar/gkw257},
	url = {https://doi.org/10.1093%2Fnar%2Fgkw257},
	note = {Publisher: Oxford University Press ({\textbraceleft}OUP{\textbraceright})}
}

@article{bogenhagen2012,
	title = {Mitochondrial DNA nucleoid structure.},
	author = {{Bogenhagen}, {Daniel F}},
	year = {2012},
	month = {10},
	date = {2012-10},
	journal = {Biochimica et Biophysica Acta},
	pages = {914--920},
	volume = {1819},
	number = {9-10},
	doi = {10.1016/j.bbagrm.2011.11.005},
	url = {http://dx.doi.org/10.1016/j.bbagrm.2011.11.005},
	note = {PMID: 22142616}
}

@article{corces2017,
	title = {An improved ATAC-seq protocol reduces background and enables interrogation of frozen tissues.},
	author = {{Corces}, {M Ryan} and {Trevino}, {Alexandro E} and {Hamilton}, {Emily G} and {Greenside}, {Peyton G} and {Sinnott-Armstrong}, {Nicholas A} and {Vesuna}, {Sam} and {Satpathy}, {Ansuman T} and {Rubin}, {Adam J} and {Montine}, {Kathleen S} and {Wu}, {Beijing} and {Kathiria}, {Arwa} and {Cho}, {Seung Woo} and {Mumbach}, {Maxwell R} and {Carter}, {Ava C} and {Kasowski}, {Maya} and {Orloff}, {Lisa A} and {Risca}, {Viviana I} and {Kundaje}, {Anshul} and {Khavari}, {Paul A} and {Montine}, {Thomas J} and {Greenleaf}, {William J} and {Chang}, {Howard Y}},
	year = {2017},
	month = {10},
	date = {2017-10},
	journal = {Nature Methods},
	pages = {959--962},
	volume = {14},
	number = {10},
	doi = {10.1038/nmeth.4396},
	url = {http://dx.doi.org/10.1038/nmeth.4396},
	note = {PMID: 28846090
PMCID: PMC5623106}
}

@article{li2009,
	title = {The Sequence Alignment/Map format and SAMtools.},
	author = {{Li}, {Heng} and {Handsaker}, {Bob} and {Wysoker}, {Alec} and {Fennell}, {Tim} and {Ruan}, {Jue} and {Homer}, {Nils} and {Marth}, {Gabor} and {Abecasis}, {Goncalo} and {Durbin}, {Richard} and {Subgroup}, {1000 Genome Project Data Processing}},
	year = {2009},
	month = {08},
	date = {2009-08-15},
	journal = {Bioinformatics},
	pages = {2078--2079},
	volume = {25},
	number = {16},
	doi = {10.1093/bioinformatics/btp352},
	url = {http://dx.doi.org/10.1093/bioinformatics/btp352},
	note = {PMID: 19505943
PMCID: PMC2723002}
}

@article{jung2017,
	title = {Chromatin States in Mouse Sperm Correlate with Embryonic and Adult Regulatory Landscapes.},
	author = {{Jung}, {Yoon Hee} and {Sauria}, {Michael E G} and {Lyu}, {Xiaowen} and {Cheema}, {Manjinder S} and {Ausio}, {Juan} and {Taylor}, {James} and {Corces}, {Victor G}},
	year = {2017},
	month = {02},
	date = {2017-02-07},
	journal = {Cell reports},
	pages = {1366--1382},
	volume = {18},
	number = {6},
	doi = {10.1016/j.celrep.2017.01.034},
	url = {http://dx.doi.org/10.1016/j.celrep.2017.01.034},
	note = {PMID: 28178516
PMCID: PMC5313040}
}

@article{goodnight2019,
	title = {Chromatin accessibility and transcription dynamics during in vitro astrocyte differentiation of Huntington's Disease Monkey pluripotent stem cells.},
	author = {{Goodnight}, {Alexandra V} and {Kremsky}, {Isaac} and {Khampang}, {Sujittra} and {Jung}, {Yoon Hee} and {Billingsley}, {James M} and {Bosinger}, {Steven E} and {Corces}, {Victor G} and {Chan}, {Anthony W S}},
	year = {2019},
	month = {11},
	date = {2019-11-13},
	journal = {Epigenetics & Chromatin},
	pages = {67},
	volume = {12},
	number = {1},
	doi = {10.1186/s13072-019-0313-6},
	url = {http://dx.doi.org/10.1186/s13072-019-0313-6},
	note = {PMID: 31722751
PMCID: PMC6852955}
}

@article{zhang2008,
	title = {Model-based Analysis of ChIP-Seq (MACS)},
	author = {{Zhang}, {Yong} and {Liu}, {Tao} and {Meyer}, {Clifford A.} and {Eeckhoute}, {Jerome} and {Johnson}, {David S.} and {Bernstein}, {Bradley E.} and {Nussbaum}, {Chad} and {Myers}, {Richard M.} and {Brown}, {Myles} and {Li}, {Wei} and {Liu}, {X. Shirley}},
	year = {2008},
	date = {2008},
	journal = {Genome Biology},
	pages = {R137},
	volume = {9},
	number = {9},
	doi = {10.1186/gb-2008-9-9-r137},
	url = {https://doi.org/10.1186%2Fgb-2008-9-9-r137},
	note = {Publisher: Springer Science and Business Media {\textbraceleft}LLC{\textbraceright}}
}

@article{lun2015,
	title = {csaw: a Bioconductor package for differential binding analysis of ChIP-seq data using sliding windows},
	author = {{Lun}, {Aaron T. L.} and {Smyth}, {Gordon K.}},
	year = {2015},
	month = {11},
	date = {2015-11},
	journal = {Nucleic Acids Research},
	pages = {e45},
	volume = {44},
	number = {5},
	doi = {10.1093/nar/gkv1191},
	url = {https://doi.org/10.1093%2Fnar%2Fgkv1191},
	note = {Publisher: Oxford University Press ({\textbraceleft}OUP{\textbraceright})}
}

@article{gontarz2020,
	title = {Comparison of differential accessibility analysis strategies for ATAC-seq data.},
	author = {{Gontarz}, {Paul} and {Fu}, {Shuhua} and {Xing}, {Xiaoyun} and {Liu}, {Shaopeng} and {Miao}, {Benpeng} and {Bazylianska}, {Viktoriia} and {Sharma}, {Akhil} and {Madden}, {Pamela} and {Cates}, {Kitra} and {Yoo}, {Andrew} and {Moszczynska}, {Anna} and {Wang}, {Ting} and {Zhang}, {Bo}},
	year = {2020},
	month = {06},
	date = {2020-06-23},
	journal = {Scientific Reports},
	pages = {10150},
	volume = {10},
	number = {1},
	doi = {10.1038/s41598-020-66998-4},
	url = {http://dx.doi.org/10.1038/s41598-020-66998-4},
	note = {PMID: 32576878
PMCID: PMC7311460}
}

@article{mclean2010,
	title = {GREAT improves functional interpretation of cis-regulatory regions},
	author = {{McLean}, {Cory Y.} and {Bristor}, {Dave} and {Hiller}, {Michael} and {Clarke}, {Shoa L.} and {Schaar}, {Bruce T.} and {Lowe}, {Craig B.} and {Wenger}, {Aaron M.} and {Bejerano}, {Gill}},
	year = {2010},
	month = {05},
	date = {2010-05},
	journal = {Nature Biotechnology},
	pages = {495--501},
	volume = {28},
	number = {5},
	doi = {10.1038/nbt.1630},
	note = {Publisher: Nature Publishing Group
PMID: 20436461}
}

@article{amezquita2018,
	title = {marge: An API for Analysis of Motifs Using HOMER in R},
	author = {{Amezquita}, {Robert A.}},
	year = {2018},
	month = {01},
	date = {2018-01},
	doi = {10.1101/249268},
	url = {https://doi.org/10.1101%2F249268},
	note = {Publisher: Cold Spring Harbor Laboratory}
}

@article{heinz2010,
	title = {Simple Combinations of Lineage-Determining Transcription Factors Prime cis-Regulatory Elements Required for Macrophage and B Cell Identities},
	author = {{Heinz}, {Sven} and {Benner}, {Christopher} and {Spann}, {Nathanael} and {Bertolino}, {Eric} and {Lin}, {Yin C.} and {Laslo}, {Peter} and {Cheng}, {Jason X.} and {Murre}, {Cornelis} and {Singh}, {Harinder} and {Glass}, {Christopher K.}},
	year = {2010},
	month = {05},
	date = {2010-05},
	journal = {Molecular Cell},
	pages = {576--589},
	volume = {38},
	number = {4},
	doi = {10.1016/j.molcel.2010.05.004},
	url = {https://doi.org/10.1016%2Fj.molcel.2010.05.004},
	note = {Publisher: Elsevier {\textbraceleft}BV{\textbraceright}}
}

@article{park2009,
	title = {ChIP-seq: advantages and challenges of a maturing technology.},
	author = {{Park}, {Peter J}},
	year = {2009},
	month = {10},
	date = {2009-10},
	journal = {Nature Reviews. Genetics},
	pages = {669--680},
	volume = {10},
	number = {10},
	doi = {10.1038/nrg2641},
	url = {http://dx.doi.org/10.1038/nrg2641},
	note = {PMID: 19736561
PMCID: PMC3191340}
}

@article{royo2016,
	title = {Alternative Computational Analysis Shows No Evidence for Nucleosome Enrichment at Repetitive Sequences in Mammalian Spermatozoa},
	author = {{Royo}, {Helene} and {Stadler}, {Michael Beda} and {Peters}, {Antoine Hendrik Felix Marie}},
	year = {2016},
	month = {04},
	date = {2016-04},
	journal = {Developmental Cell},
	pages = {98--104},
	volume = {37},
	number = {1},
	doi = {10.1016/j.devcel.2016.03.010},
	url = {https://doi.org/10.1016%2Fj.devcel.2016.03.010},
	note = {Publisher: Elsevier {\textbraceleft}BV{\textbraceright}}
}

@article{meissner2005,
	title = {Reduced representation bisulfite sequencing for comparative high-resolution DNA methylation analysis.},
	author = {{Meissner}, {Alexander} and {Gnirke}, {Andreas} and {Bell}, {George W} and {Ramsahoye}, {Bernard} and {Lander}, {Eric S} and {Jaenisch}, {Rudolf}},
	year = {2005},
	month = {10},
	date = {2005-10-13},
	journal = {Nucleic Acids Research},
	pages = {5868--5877},
	volume = {33},
	number = {18},
	doi = {10.1093/nar/gki901},
	url = {http://dx.doi.org/10.1093/nar/gki901},
	note = {PMID: 16224102
PMCID: PMC1258174}
}

@article{frommer1992,
	title = {A genomic sequencing protocol that yields a positive display of 5-methylcytosine residues in individual DNA strands.},
	author = {{Frommer}, {M} and {McDonald}, {L E} and {Millar}, {D S} and {Collis}, {C M} and {Watt}, {F} and {Grigg}, {G W} and {Molloy}, {P L} and {Paul}, {C L}},
	year = {1992},
	month = {03},
	date = {1992-03-01},
	journal = {Proceedings of the National Academy of Sciences of the United States of America},
	pages = {1827--1831},
	volume = {89},
	number = {5},
	doi = {10.1073/pnas.89.5.1827},
	url = {http://dx.doi.org/10.1073/pnas.89.5.1827},
	note = {PMID: 1542678
PMCID: PMC48546}
}

@article{krueger2011,
	title = {Bismark: a flexible aligner and methylation caller for Bisulfite-Seq applications},
	author = {{Krueger}, {Felix} and {Andrews}, {Simon R.}},
	year = {2011},
	month = {04},
	date = {2011-04},
	journal = {Bioinformatics},
	pages = {1571--1572},
	volume = {27},
	number = {11},
	doi = {10.1093/bioinformatics/btr167},
	url = {https://doi.org/10.1093%2Fbioinformatics%2Fbtr167},
	note = {Publisher: Oxford University Press ({\textbraceleft}OUP{\textbraceright})}
}

@article{talevich2016,
	title = {CNVkit: Genome-Wide Copy Number Detection and Visualization from Targeted DNA Sequencing.},
	author = {{Talevich}, {Eric} and {Shain}, {A Hunter} and {Botton}, {Thomas} and {Bastian}, {Boris C}},
	year = {2016},
	month = {04},
	date = {2016-04-21},
	journal = {PLoS Computational Biology},
	pages = {e1004873},
	volume = {12},
	number = {4},
	doi = {10.1371/journal.pcbi.1004873},
	url = {http://dx.doi.org/10.1371/journal.pcbi.1004873},
	note = {PMID: 27100738
PMCID: PMC4839673}
}

@article{thurman2012,
	title = {The accessible chromatin landscape of the human genome.},
	author = {{Thurman}, {Robert E} and {Rynes}, {Eric} and {Humbert}, {Richard} and {Vierstra}, {Jeff} and {Maurano}, {Matthew T} and {Haugen}, {Eric} and {Sheffield}, {Nathan C} and {Stergachis}, {Andrew B} and {Wang}, {Hao} and {Vernot}, {Benjamin} and {Garg}, {Kavita} and {John}, {Sam} and {Sandstrom}, {Richard} and {Bates}, {Daniel} and {Boatman}, {Lisa} and {Canfield}, {Theresa K} and {Diegel}, {Morgan} and {Dunn}, {Douglas} and {Ebersol}, {Abigail K} and {Frum}, {Tristan} and {Giste}, {Erika} and {Johnson}, {Audra K} and {Johnson}, {Ericka M} and {Kutyavin}, {Tanya} and {Lajoie}, {Bryan} and {Lee}, {Bum-Kyu} and {Lee}, {Kristen} and {London}, {Darin} and {Lotakis}, {Dimitra} and {Neph}, {Shane} and {Neri}, {Fidencio} and {Nguyen}, {Eric D} and {Qu}, {Hongzhu} and {Reynolds}, {Alex P} and {Roach}, {Vaughn} and {Safi}, {Alexias} and {Sanchez}, {Minerva E} and {Sanyal}, {Amartya} and {Shafer}, {Anthony} and {Simon}, {Jeremy M} and {Song}, {Lingyun} and {Vong}, {Shinny} and {Weaver}, {Molly} and {Yan}, {Yongqi} and {Zhang}, {Zhancheng} and {Zhang}, {Zhuzhu} and {Lenhard}, {Boris} and {Tewari}, {Muneesh} and {Dorschner}, {Michael O} and {Hansen}, {R Scott} and {Navas}, {Patrick A} and {Stamatoyannopoulos}, {George} and {Iyer}, {Vishwanath R} and {Lieb}, {Jason D} and {Sunyaev}, {Shamil R} and {Akey}, {Joshua M} and {Sabo}, {Peter J} and {Kaul}, {Rajinder} and {Furey}, {Terrence S} and {Dekker}, {Job} and {Crawford}, {Gregory E} and {Stamatoyannopoulos}, {John A}},
	year = {2012},
	month = {09},
	date = {2012-09-06},
	journal = {Nature},
	pages = {75--82},
	volume = {489},
	number = {7414},
	doi = {10.1038/nature11232},
	url = {http://dx.doi.org/10.1038/nature11232},
	note = {PMID: 22955617
PMCID: PMC3721348}
}

@article{harrow2012,
	title = {GENCODE: the reference human genome annotation for The ENCODE Project.},
	author = {{Harrow}, {Jennifer} and {Frankish}, {Adam} and {Gonzalez}, {Jose M} and {Tapanari}, {Electra} and {Diekhans}, {Mark} and {Kokocinski}, {Felix} and {Aken}, {Bronwen L} and {Barrell}, {Daniel} and {Zadissa}, {Amonida} and {Searle}, {Stephen} and {Barnes}, {If} and {Bignell}, {Alexandra} and {Boychenko}, {Veronika} and {Hunt}, {Toby} and {Kay}, {Mike} and {Mukherjee}, {Gaurab} and {Rajan}, {Jeena} and {Despacio-Reyes}, {Gloria} and {Saunders}, {Gary} and {Steward}, {Charles} and {Harte}, {Rachel} and {Lin}, {Michael} and {Howald}, {Cédric} and {Tanzer}, {Andrea} and {Derrien}, {Thomas} and {Chrast}, {Jacqueline} and {Walters}, {Nathalie} and {Balasubramanian}, {Suganthi} and {Pei}, {Baikang} and {Tress}, {Michael} and {Rodriguez}, {Jose Manuel} and {Ezkurdia}, {Iakes} and {van Baren}, {Jeltje} and {Brent}, {Michael} and {Haussler}, {David} and {Kellis}, {Manolis} and {Valencia}, {Alfonso} and {Reymond}, {Alexandre} and {Gerstein}, {Mark} and {Guigó}, {Roderic} and {Hubbard}, {Tim J}},
	year = {2012},
	month = {09},
	date = {2012-09},
	journal = {Genome Research},
	pages = {1760--1774},
	volume = {22},
	number = {9},
	doi = {10.1101/gr.135350.111},
	url = {http://dx.doi.org/10.1101/gr.135350.111},
	note = {PMID: 22955987
PMCID: PMC3431492}
}

@article{fu2019,
	title = {Serotonylation: A novel histone H3 marker.},
	author = {{Fu}, {Lin} and {Zhang}, {Lingqiang}},
	year = {2019},
	month = {05},
	date = {2019-05-10},
	journal = {Signal transduction and targeted therapy},
	pages = {15},
	volume = {4},
	doi = {10.1038/s41392-019-0048-7},
	url = {http://www.nature.com/articles/s41392-019-0048-7},
	note = {PMID: 31098305
PMCID: PMC6509131}
}

@article{zhang2020,
	title = {Histone H3K27 acetylation is dispensable for enhancer activity in mouse embryonic stem cells.},
	author = {{Zhang}, {Tiantian} and {Zhang}, {Zhuqiang} and {Dong}, {Qiang} and {Xiong}, {Jun} and {Zhu}, {Bing}},
	year = {2020},
	month = {02},
	date = {2020-02-21},
	journal = {Genome Biology},
	pages = {45},
	volume = {21},
	number = {1},
	doi = {10.1186/s13059-020-01957-w},
	url = {https://genomebiology.biomedcentral.com/articles/10.1186/s13059-020-01957-w},
	note = {PMID: 32085783
PMCID: PMC7035716}
}

@article{beacon2021,
	title = {The dynamic broad epigenetic (H3K4me3, H3K27ac) domain as a mark of essential genes.},
	author = {{Beacon}, {Tasnim H} and {Delcuve}, {Geneviève P} and {López}, {Camila} and {Nardocci}, {Gino} and {Kovalchuk}, {Igor} and {van Wijnen}, {Andre J} and {Davie}, {James R}},
	year = {2021},
	month = {07},
	date = {2021-07-08},
	journal = {Clinical epigenetics},
	pages = {138},
	volume = {13},
	number = {1},
	doi = {10.1186/s13148-021-01126-1},
	url = {http://dx.doi.org/10.1186/s13148-021-01126-1},
	note = {PMID: 34238359
PMCID: PMC8264473}
}

@article{bogliotti2012,
	title = {Mechanisms of histone H3 lysine 27 trimethylation remodeling during early mammalian development.},
	author = {{Bogliotti}, {Yanina S} and {Ross}, {Pablo J}},
	year = {2012},
	month = {09},
	date = {2012-09},
	journal = {Epigenetics},
	pages = {976--981},
	volume = {7},
	number = {9},
	doi = {10.4161/epi.21615},
	url = {http://dx.doi.org/10.4161/epi.21615},
	note = {PMID: 22895114
PMCID: PMC3515017}
}

@book{thebiol2017,
	title = {The Biology of Mammalian Spermatogonia},
	editor = {{Oatley}, {Jon M.} and {Griswold}, {Michael D.}},
	year = {2017},
	date = {2017},
	publisher = {Springer New York},
	doi = {10.1007/978-1-4939-7505-1},
	url = {http://dx.doi.org/10.1007/978-1-4939-7505-1}
}

@article{rooij2017,
	title = {The nature and dynamics of spermatogonial stem cells},
	author = {{Rooij}, {Dirk G. de}},
	year = {2017},
	month = {09},
	date = {2017-09},
	journal = {Development},
	pages = {3022--3030},
	volume = {144},
	number = {17},
	doi = {10.1242/DEV.146571},
	url = {https://dev.biologists.org/content/144/17/3022.long},
	note = {Publisher: Oxford University Press for The Company of Biologists Limited
PMID: 28851723}
}

@article{kubota2018,
	title = {Spermatogonial stem cells.},
	author = {{Kubota}, {Hiroshi} and {Brinster}, {Ralph L}},
	year = {2018},
	month = {07},
	date = {2018-07-01},
	journal = {Biology of Reproduction},
	pages = {52--74},
	volume = {99},
	number = {1},
	doi = {10.1093/biolre/ioy077},
	url = {http://dx.doi.org/10.1093/biolre/ioy077},
	note = {PMID: 29617903
PMCID: PMC6692861}
}

@article{hammoud2014,
	title = {Chromatin and Transcription Transitions of Mammalian Adult Germline Stem Cells and Spermatogenesis},
	author = {{Hammoud}, {Saher Sue} and {Low}, {Diana H. P.} and {Yi}, {Chongil} and {Carrell}, {Douglas T.} and {Guccione}, {Ernesto} and {Cairns}, {Bradley R.}},
	year = {2014},
	month = {08},
	date = {2014-08},
	journal = {Cell Stem Cell},
	pages = {239--253},
	volume = {15},
	number = {2},
	doi = {10.1016/j.stem.2014.04.006},
	url = {https://doi.org/10.1016%2Fj.stem.2014.04.006},
	note = {Publisher: Elsevier {\textbraceleft}BV{\textbraceright}}
}

@article{hammoud2015,
	title = {Transcription and imprinting dynamics in developing postnatal male germline stem cells},
	author = {{Hammoud}, {Saher Sue} and {Low}, {Diana H. P.} and {Yi}, {Chongil} and {Lee}, {Chee Leng} and {Oatley}, {Jon M.} and {Payne}, {Christopher J.} and {Carrell}, {Douglas T.} and {Guccione}, {Ernesto} and {Cairns}, {Bradley R.}},
	year = {2015},
	date = {2015},
	doi = {10.1101/gad.261925},
	url = {http://www.genesdev.org/cgi/doi/10.1101/gad.261925.}
}

@article{hermann2018,
	title = {The Mammalian Spermatogenesis Single-Cell Transcriptome, from Spermatogonial Stem Cells to Spermatids},
	author = {{Hermann}, {Brian P.} and {Cheng}, {Keren} and {Singh}, {Anukriti} and {Cruz}, {Lorena Roa-De La} and {Mutoji}, {Kazadi N.} and {Chen}, {I. Chung} and {Gildersleeve}, {Heidi} and {Lehle}, {Jake D.} and {Mayo}, {Max} and {Westernströer}, {Birgit} and {Law}, {Nathan C.} and {Oatley}, {Melissa J.} and {Velte}, {Ellen K.} and {Niedenberger}, {Bryan A.} and {Fritze}, {Danielle} and {Silber}, {Sherman} and {Geyer}, {Christopher B.} and {Oatley}, {Jon M.} and {McCarrey}, {John R.}},
	year = {2018},
	month = {11},
	date = {2018-11},
	journal = {Cell Reports},
	pages = {1650--1667.e8},
	volume = {25},
	number = {6},
	doi = {10.1016/j.celrep.2018.10.026},
	note = {Publisher: Elsevier B.V.
PMID: 30404016}
}

@article{law2019,
	title = {Developmental kinetics and transcriptome dynamics of stem cell specification in the spermatogenic lineage},
	author = {{Law}, {Nathan C.} and {Oatley}, {Melissa J.} and {Oatley}, {Jon M.}},
	year = {2019},
	month = {12},
	date = {2019-12},
	journal = {Nature Communications},
	pages = {2787},
	volume = {10},
	number = {1},
	doi = {10.1038/s41467-019-10596-0},
	url = {http://www.nature.com/articles/s41467-019-10596-0},
	note = {Publisher: Nature Publishing Group}
}

@article{green2018,
	title = {A Comprehensive Roadmap of Murine Spermatogenesis Defined by Single-Cell RNA-Seq},
	author = {{Green}, {Christopher Daniel} and {Ma}, {Qianyi} and {Manske}, {Gabriel L.} and {Shami}, {Adrienne Niederriter} and {Zheng}, {Xianing} and {Marini}, {Simone} and {Moritz}, {Lindsay} and {Sultan}, {Caleb} and {Gurczynski}, {Stephen J.} and {Moore}, {Bethany B.} and {Tallquist}, {Michelle D.} and {Li}, {Jun Z.} and {Hammoud}, {Saher Sue}},
	year = {2018},
	month = {09},
	date = {2018-09},
	journal = {Developmental Cell},
	pages = {651--667.e10},
	volume = {46},
	number = {5},
	doi = {10.1016/j.devcel.2018.07.025},
	note = {Publisher: Cell Press}
}

@article{grive2019,
	title = {Dynamic transcriptome profiles within spermatogonial and spermatocyte populations during postnatal testis maturation revealed by single-cell sequencing},
	author = {{Grive}, {Kathryn J.} and {Hu}, {Yang} and {Shu}, {Eileen} and {Grimson}, {Andrew} and {Elemento}, {Olivier} and {Grenier}, {Jennifer K.} and {Cohen}, {Paula E.}},
	editor = {{Copenhaver}, {Gregory P.}},
	year = {2019},
	month = {03},
	date = {2019-03-20},
	journal = {PLOS Genetics},
	pages = {e1007810},
	volume = {15},
	number = {3},
	doi = {10.1371/journal.pgen.1007810},
	url = {http://dx.doi.org/10.1371/journal.pgen.1007810},
	langid = {en}
}

@article{kubota2004,
	title = {Growth factors essential for self-renewal and expansion of mouse spermatogonial stem cells.},
	author = {{Kubota}, {Hiroshi} and {Avarbock}, {Mary R.} and {Brinster}, {Ralph L.}},
	year = {2004},
	month = {11},
	date = {2004-11},
	journal = {Proceedings of the National Academy of Sciences of the United States of America},
	pages = {16489--94},
	volume = {101},
	number = {47},
	doi = {10.1073/pnas.0407063101},
	url = {http://www.ncbi.nlm.nih.gov/pubmed/15520394 http://www.pubmedcentral.nih.gov/articlerender.fcgi?artid=PMC534530},
	note = {Publisher: National Academy of Sciences
PMID: 15520394}
}

@article{costoya2004,
	title = {Essential role of Plzf in maintenance of spermatogonial stem cells.},
	author = {{Costoya}, {José A} and {Hobbs}, {Robin M} and {Barna}, {Maria} and {Cattoretti}, {Giorgio} and {Manova}, {Katia} and {Sukhwani}, {Meena} and {Orwig}, {Kyle E} and {Wolgemuth}, {Debra J} and {Pandolfi}, {Pier Paolo}},
	year = {2004},
	month = {06},
	date = {2004-06},
	journal = {Nature Genetics},
	pages = {653--659},
	volume = {36},
	number = {6},
	doi = {10.1038/ng1367},
	url = {http://dx.doi.org/10.1038/ng1367},
	note = {PMID: 15156143}
}

@article{ausers2011,
	title = {A User's Guide to the Encyclopedia of DNA Elements (ENCODE)},
	author = {{}, {}},
	editor = {{Becker}, {Peter B.}},
	year = {2011},
	month = {04},
	date = {2011-04-19},
	journal = {PLoS Biology},
	pages = {e1001046},
	volume = {9},
	number = {4},
	doi = {10.1371/journal.pbio.1001046},
	url = {http://dx.doi.org/10.1371/journal.pbio.1001046},
	langid = {en}
}

@article{kanatsu-shinohara2016,
	title = {Myc/Mycn-mediated glycolysis enhances mouse spermatogonial stem cell self-renewal},
	author = {{Kanatsu-Shinohara}, {Mito} and {Tanaka}, {Takashi} and {Ogonuki}, {Narumi} and {Ogura}, {Atsuo} and {Morimoto}, {Hiroko} and {Cheng}, {Pei Feng} and {Eisenman}, {Robert N.} and {Trumpp}, {Andreas} and {Shinohara}, {Takashi}},
	year = {2016},
	month = {12},
	date = {2016-12-01},
	journal = {Genes & Development},
	pages = {2637--2648},
	volume = {30},
	number = {23},
	doi = {10.1101/gad.287045.116},
	url = {http://dx.doi.org/10.1101/gad.287045.116},
	langid = {en}
}

@article{chen2020,
	title = {A bioenergetic shift is required for spermatogonial differentiation},
	author = {{Chen}, {Wei} and {Zhang}, {Zhaoran} and {Chang}, {Chingwen} and {Yang}, {Zhichang} and {Wang}, {Pengxiang} and {Fu}, {Haihui} and {Wei}, {Xiao} and {Chen}, {Eric} and {Tan}, {Suxu} and {Huang}, {Wen} and {Sun}, {Liangliang} and {Ni}, {Ting} and {Yang}, {Yi} and {Wang}, {Yuan}},
	year = {2020},
	month = {08},
	date = {2020-08-18},
	journal = {Cell Discovery},
	volume = {6},
	number = {1},
	doi = {10.1038/s41421-020-0183-x},
	url = {http://dx.doi.org/10.1038/s41421-020-0183-x},
	langid = {en}
}

@article{barrios2010,
	title = {Opposing effects of retinoic acid and FGF9 onNanos2expression and meiotic entry of mouse germ cells},
	author = {{Barrios}, {Florencia} and {Filipponi}, {Doria} and {Pellegrini}, {Manuela} and {Paronetto}, {Maria Paola} and {Di Siena}, {Sara} and {Geremia}, {Raffaele} and {Rossi}, {Pellegrino} and {De Felici}, {Massimo} and {Jannini}, {Emmanuele A.} and {Dolci}, {Susanna}},
	year = {2010},
	month = {03},
	date = {2010-03-15},
	journal = {Journal of Cell Science},
	pages = {871--880},
	volume = {123},
	number = {6},
	doi = {10.1242/jcs.057968},
	url = {http://dx.doi.org/10.1242/jcs.057968},
	langid = {en}
}

@article{sada2009,
	title = {The RNA-Binding Protein NANOS2 Is Required to Maintain Murine Spermatogonial Stem Cells},
	author = {{Sada}, {Aiko} and {Suzuki}, {Atsushi} and {Suzuki}, {Hitomi} and {Saga}, {Yumiko}},
	year = {2009},
	month = {09},
	date = {2009-09-11},
	journal = {Science},
	pages = {1394--1398},
	volume = {325},
	number = {5946},
	doi = {10.1126/science.1172645},
	url = {http://dx.doi.org/10.1126/science.1172645},
	langid = {en}
}

@article{hasegawa2014,
	title = {FGF8-FGFR1 Signaling Acts as a Niche Factor for Maintaining Undifferentiated Spermatogonia in the Mouse1},
	author = {{Hasegawa}, {Kazuteru} and {Saga}, {Yumiko}},
	year = {2014},
	month = {12},
	date = {2014-12},
	journal = {Biology of Reproduction},
	pages = {145--146},
	volume = {91},
	number = {6},
	doi = {10.1095/biolreprod.114.121012},
	url = {https://academic.oup.com/biolreprod/article-lookup/doi/10.1095/biolreprod.114.121012},
	note = {Publisher: Society for the Study of Reproduction}
}

@article{shavlakadze2019,
	title = {Age-Related Gene Expression Signature in Rats Demonstrate Early, Late, and Linear Transcriptional Changes from Multiple Tissues},
	author = {{Shavlakadze}, {Tea} and {Morris}, {Melody} and {Fang}, {Jian} and {Wang}, {Sharon X.} and {Zhu}, {Jiang} and {Zhou}, {Weihua} and {Tse}, {Herman W.} and {Mondragon-Gonzalez}, {Ricardo} and {Roma}, {Guglielmo} and {Glass}, {David J.}},
	year = {2019},
	month = {09},
	date = {2019-09},
	journal = {Cell Reports},
	pages = {3263--3273.e3},
	volume = {28},
	number = {12},
	doi = {10.1016/j.celrep.2019.08.043},
	url = {http://dx.doi.org/10.1016/j.celrep.2019.08.043},
	langid = {en}
}

@article{fushan2015,
	title = {Gene expression defines natural changes in mammalian lifespan},
	author = {{Fushan}, {Alexey A.} and {Turanov}, {Anton A.} and {Lee}, {Sang{-}Goo} and {Kim}, {Eun Bae} and {Lobanov}, {Alexei V.} and {Yim}, {Sun Hee} and {Buffenstein}, {Rochelle} and {Lee}, {Sang{-}Rae} and {Chang}, {Kyu{-}Tae} and {Rhee}, {Hwanseok} and {Kim}, {Jong{-}So} and {Yang}, {Kap{-}Seok} and {Gladyshev}, {Vadim N.}},
	year = {2015},
	month = {02},
	date = {2015-02-09},
	journal = {Aging Cell},
	pages = {352--365},
	volume = {14},
	number = {3},
	doi = {10.1111/acel.12283},
	url = {http://dx.doi.org/10.1111/acel.12283},
	langid = {en}
}

@article{martínez-zamudio2020,
	title = {AP-1 imprints a reversible transcriptional programme of senescent cells},
	author = {{Martínez-Zamudio}, {Ricardo Iván} and {Roux}, {Pierre François} and {Freitas}, {José Américo N. L. F. de} and {Robinson}, {Lucas} and {Doré}, {Gregory} and {Sun}, {Bin} and {Belenki}, {Dimitri} and {Milanovic}, {Maja} and {Herbig}, {Utz} and {Schmitt}, {Clemens A.} and {Gil}, {Jesús} and {Bischof}, {Oliver}},
	year = {2020},
	month = {07},
	date = {2020-07},
	journal = {Nature Cell Biology},
	pages = {842--855},
	volume = {22},
	number = {7},
	doi = {10.1038/s41556-020-0529-5},
	url = {https://doi.org/10.1038/s41556-020-0529-5},
	note = {Publisher: Nature Research}
}

@article{shaulian2002,
	title = {AP-1 as a regulator of cell life and death},
	author = {{Shaulian}, {Eitan} and {Karin}, {Michael}},
	year = {2002},
	month = {05},
	date = {2002-05},
	journal = {Nature Cell Biology},
	pages = {E131--E136},
	volume = {4},
	number = {5},
	doi = {10.1038/ncb0502-e131},
	url = {http://dx.doi.org/10.1038/ncb0502-e131},
	langid = {en}
}

@article{he2008,
	title = {Gdnf Upregulates c-Fos Transcription via the Ras/Erk1/2 Pathway to Promote Mouse Spermatogonial Stem Cell Proliferation},
	author = {{He}, {Zuping} and {Jiang}, {Jiji} and {Kokkinaki}, {Maria} and {Golestaneh}, {Nady} and {Hofmann}, {Marie-Claude} and {Dym}, {Martin}},
	year = {2008},
	month = {01},
	date = {2008-01},
	journal = {Stem Cells},
	pages = {266--278},
	volume = {26},
	number = {1},
	doi = {10.1634/stemcells.2007-0436},
	url = {/pmc/articles/PMC2905627/?report=abstract https://www.ncbi.nlm.nih.gov/pmc/articles/PMC2905627/},
	note = {Publisher: Wiley}
}

@article{wang2018,
	title = {Single-Cell RNA Sequencing Analysis Reveals Sequential Cell Fate Transition during Human Spermatogenesis},
	author = {{Wang}, {Mei} and {Liu}, {Xixi} and {Chang}, {Gang} and {Chen}, {Yidong} and {An}, {Geng} and {Yan}, {Liying} and {Gao}, {Shuai} and {Xu}, {Yanwen} and {Cui}, {Yueli} and {Dong}, {Ji} and {Chen}, {Yuhan} and {Fan}, {Xiaoying} and {Hu}, {Yuqiong} and {Song}, {Ke} and {Zhu}, {Xiaohui} and {Gao}, {Yun} and {Yao}, {Zhaokai} and {Bian}, {Shuhui} and {Hou}, {Yu} and {Lu}, {Jiahao} and {Wang}, {Rui} and {Fan}, {Yong} and {Lian}, {Ying} and {Tang}, {Wenhao} and {Wang}, {Yapeng} and {Liu}, {Jianqiao} and {Zhao}, {Lianming} and {Wang}, {Luyu} and {Liu}, {Zhaoting} and {Yuan}, {Renpei} and {Shi}, {Yujia} and {Hu}, {Boqiang} and {Ren}, {Xiulian} and {Tang}, {Fuchou} and {Zhao}, {Xiao Yang} and {Qiao}, {Jie}},
	year = {2018},
	month = {10},
	date = {2018-10},
	journal = {Cell Stem Cell},
	pages = {599--614.e4},
	volume = {23},
	number = {4},
	doi = {10.1016/j.stem.2018.08.007},
	note = {Publisher: Cell Press}
}

@article{faisal2019,
	title = {Transcription Factor USF1 Is Required for Maintenance of Germline Stem Cells in Male Mice},
	author = {{Faisal}, {Imrul} and {Cisneros-Montalvo}, {Sheyla} and {Hamer}, {Geert} and {Tuominen}, {Minna M.} and {Laurila}, {Pirkka-Pekka} and {Tumiati}, {Manuela} and {Jauhiainen}, {Matti} and {Kotaja}, {Noora} and {Toppari}, {Jorma} and {Mäkelä}, {Juho-Antti} and {Kauppi}, {Liisa}},
	year = {2019},
	month = {05},
	date = {2019-05},
	journal = {Endocrinology},
	pages = {1119--1136},
	volume = {160},
	number = {5},
	doi = {10.1210/en.2018-01088},
	url = {https://academic.oup.com/endo/article/160/5/1119/5316161}
}

@article{wu2010a,
	title = {The POU Domain Transcription Factor POU3F1 Is an Important Intrinsic Regulator of GDNF-Induced Survival and Self-Renewal of Mouse Spermatogonial Stem Cells1},
	author = {{Wu}, {Xin} and {Oatley}, {Jon M.} and {Oatley}, {Melissa J.} and {Kaucher}, {Amy V.} and {Avarbock}, {Mary R.} and {Brinster}, {Ralph L.}},
	year = {2010},
	month = {06},
	date = {2010-06-01},
	journal = {Biology of Reproduction},
	pages = {1103--1111},
	volume = {82},
	number = {6},
	doi = {10.1095/biolreprod.109.083097},
	url = {http://dx.doi.org/10.1095/biolreprod.109.083097},
	langid = {en}
}

@article{niu2011,
	title = {MicroRNA-21 regulates the self-renewal of mouse spermatogonial stem cells},
	author = {{Niu}, {Zhiyv} and {Goodyear}, {Shaun M.} and {Rao}, {Shilpa} and {Wu}, {Xin} and {Tobias}, {John W.} and {Avarbock}, {Mary R.} and {Brinster}, {Ralph L.}},
	year = {2011},
	date = {2011},
	journal = {Proceedings of the National Academy of Sciences},
	doi = {10.1073/pnas.1109987108},
	url = {http://www.pnas.org/content/108/31/12740.full.pdf}
}

@article{lord2018,
	title = {Testicular Architecture Is Critical for Mediation of Retinoic Acid Responsiveness by Undifferentiated Spermatogonial Subtypes in the Mouse},
	author = {{Lord}, {Tessa} and {Oatley}, {Melissa J.} and {Oatley}, {Jon M.}},
	year = {2018},
	month = {02},
	date = {2018-02},
	journal = {Stem Cell Reports},
	pages = {538--552},
	volume = {10},
	number = {2},
	doi = {10.1016/j.stemcr.2018.01.003},
	note = {Publisher: Cell Press
PMID: 29398482}
}

@article{oldfield2014,
	title = {Histone-Fold Domain Protein NF-Y Promotes Chromatin Accessibility for Cell Type-Specific Master Transcription Factors},
	author = {{Oldfield}, {Andrew J.} and {Yang}, {Pengyi} and {Conway}, {Amanda E.} and {Cinghu}, {Senthilkumar} and {Freudenberg}, {Johannes M.} and {Yellaboina}, {Sailu} and {Jothi}, {Raja}},
	year = {2014},
	month = {09},
	date = {2014-09},
	journal = {Molecular Cell},
	pages = {708--722},
	volume = {55},
	number = {5},
	doi = {10.1016/j.molcel.2014.07.005},
	note = {Publisher: Cell Press}
}

@article{guo2017,
	title = {Chromatin and Single-Cell RNA-Seq Profiling Reveal Dynamic Signaling and Metabolic Transitions during Human Spermatogonial Stem Cell Development},
	author = {{Guo}, {Jingtao} and {Grow}, {Edward J.} and {Yi}, {Chongil} and {Mlcochova}, {Hana} and {Maher}, {Geoffrey J.} and {Lindskog}, {Cecilia} and {Murphy}, {Patrick J.} and {Wike}, {Candice L.} and {Carrell}, {Douglas T.} and {Goriely}, {Anne} and {Hotaling}, {James M.} and {Cairns}, {Bradley R.}},
	year = {2017},
	month = {10},
	date = {2017-10},
	journal = {Cell Stem Cell},
	pages = {533--546.e6},
	volume = {21},
	number = {4},
	doi = {10.1016/j.stem.2017.09.003},
	note = {Publisher: Cell Press}
}

@article{goertz2011,
	title = {Foxo1 is required in mouse spermatogonial stem cells for their maintenance and the initiation of spermatogenesis},
	author = {{Goertz}, {Meredith J.} and {Wu}, {Zhuoru} and {Gallardo}, {Teresa D.} and {Hamra}, {F. Kent} and {Castrillon}, {Diego H.}},
	year = {2011},
	month = {09},
	date = {2011-09},
	journal = {Journal of Clinical Investigation},
	pages = {3456--3466},
	volume = {121},
	number = {9},
	doi = {10.1172/JCI57984}
}

@article{chan2014,
	title = {Functional and molecular features of the Id4+ germline stem cell population in mouse testes},
	author = {{Chan}, {Frieda} and {Oatley}, {Melissa J.} and {Kaucher}, {Amy V.} and {Yang}, {Qi En} and {Bieberich}, {Charles J.} and {Shashikant}, {Cooduvalli S.} and {Oatley}, {Jon M.}},
	year = {2014},
	month = {06},
	date = {2014-06},
	journal = {Genes and Development},
	pages = {1351--1362},
	volume = {28},
	number = {12},
	doi = {10.1101/gad.240465.114},
	note = {Publisher: Cold Spring Harbor Laboratory Press
PMID: 24939937}
}

@article{cheng2020,
	title = {Unique epigenetic programming distinguishes regenerative spermatogonial stem cells in the developing mouse testis.},
	author = {{Cheng}, {Keren} and {Chen}, {I-Chung} and {Cheng}, {Ching-Hsun Eric} and {Mutoji}, {Kazadi} and {Hale}, {Benjamin J} and {Hermann}, {Brian P} and {Geyer}, {Christopher B} and {Oatley}, {Jon M} and {McCarrey}, {John R}},
	year = {2020},
	month = {10},
	date = {2020-10-23},
	journal = {iScience},
	pages = {101596},
	volume = {23},
	number = {10},
	doi = {10.1016/j.isci.2020.101596},
	url = {https://linkinghub.elsevier.com/retrieve/pii/S2589004220307884},
	note = {PMID: 33083754
PMCID: PMC7552105}
}

@article{thompson2016,
	title = {Long Terminal Repeats: From Parasitic Elements to Building Blocks of the Transcriptional Regulatory Repertoire},
	author = {{Thompson}, {Peter J.} and {Macfarlan}, {Todd S.} and {Lorincz}, {Matthew C.}},
	year = {2016},
	month = {06},
	date = {2016-06},
	journal = {Molecular Cell},
	pages = {766--776},
	volume = {62},
	number = {5},
	doi = {10.1016/j.molcel.2016.03.029},
	url = {http://dx.doi.org/10.1016/j.molcel.2016.03.029},
	langid = {en}
}

@article{deniz2019,
	title = {Regulation of transposable elements by DNA modifications.},
	author = {{Deniz}, {Özgen} and {Frost}, {Jennifer M} and {Branco}, {Miguel R}},
	year = {2019},
	month = {07},
	date = {2019-07},
	journal = {Nature Reviews. Genetics},
	pages = {417--431},
	volume = {20},
	number = {7},
	doi = {10.1038/s41576-019-0106-6},
	url = {http://www.nature.com/articles/s41576-019-0106-6},
	note = {PMID: 30867571}
}

@article{sakashita2020,
	title = {Endogenous retroviruses drive species-specific germline transcriptomes in mammals.},
	author = {{Sakashita}, {Akihiko} and {Maezawa}, {So} and {Takahashi}, {Kazuki} and {Alavattam}, {Kris G} and {Yukawa}, {Masashi} and {Hu}, {Yueh-Chiang} and {Kojima}, {Shohei} and {Parrish}, {Nicholas F} and {Barski}, {Artem} and {Pavlicev}, {Mihaela} and {Namekawa}, {Satoshi H}},
	year = {2020},
	month = {09},
	date = {2020-09-07},
	journal = {Nature Structural & Molecular Biology},
	pages = {967--977},
	volume = {27},
	number = {10},
	doi = {10.1038/s41594-020-0487-4},
	url = {http://www.nature.com/articles/s41594-020-0487-4},
	note = {PMID: 32895553
PMCID: PMC8246630}
}

@article{davis2017,
	title = {Transposon{-}driven transcription is a conserved feature of vertebrate spermatogenesis and transcript evolution},
	author = {{Davis}, {Matthew P.} and {Carrieri}, {Claudia} and {Saini}, {Harpreet K.} and {Dongen}, {Stijn} and {Leonardi}, {Tommaso} and {Bussotti}, {Giovanni} and {Monahan}, {Jack M.} and {Auchynnikava}, {Tania} and {Bitetti}, {Angelo} and {Rappsilber}, {Juri} and {Allshire}, {Robin C.} and {Shkumatava}, {Alena} and {O'Carroll}, {Dónal} and {Enright}, {Anton J.}},
	year = {2017},
	month = {07},
	date = {2017-07},
	journal = {EMBO reports},
	pages = {1231--1247},
	volume = {18},
	number = {7},
	doi = {10.15252/embr.201744059},
	url = {/pmc/articles/PMC5494522/?report=abstract https://www.ncbi.nlm.nih.gov/pmc/articles/PMC5494522/},
	note = {Publisher: EMBO
PMID: 28500258}
}

@article{fort2014,
	title = {Deep transcriptome profiling of mammalian stem cells supports a regulatory role for retrotransposons in pluripotency maintenance},
	author = {{Fort}, {Alexandre} and {Hashimoto}, {Kosuke} and {Yamada}, {Daisuke} and {Salimullah}, {Md} and {Keya}, {Chaman A.} and {Saxena}, {Alka} and {Bonetti}, {Alessandro} and {Voineagu}, {Irina} and {Bertin}, {Nicolas} and {Kratz}, {Anton} and {Noro}, {Yukihiko} and {Wong}, {Chee Hong} and {Hoon}, {Michiel De} and {Andersson}, {Robin} and {Sandelin}, {Albin} and {Suzuki}, {Harukazu} and {Wei}, {Chia Lin} and {Koseki}, {Haruhiko} and {Hasegawa}, {Yuki} and {Forrest}, {Alistair R. R.} and {Carninci}, {Piero}},
	year = {2014},
	month = {04},
	date = {2014-04},
	journal = {Nature Genetics},
	pages = {558--566},
	volume = {46},
	number = {6},
	doi = {10.1038/ng.2965},
	url = {https://www.nature.com/articles/ng.2965},
	note = {Publisher: Nature Publishing Group
PMID: 24777452}
}

@article{sun2018,
	title = {The Long Noncoding RNA Lncenc1 Maintains Naive States of Mouse ESCs by Promoting the Glycolysis Pathway},
	author = {{Sun}, {Zihao} and {Zhu}, {Minzhe} and {Lv}, {Pin} and {Cheng}, {Lu} and {Wang}, {Qianfeng} and {Tian}, {Pengxiang} and {Yan}, {Zixiang} and {Wen}, {Bo}},
	year = {2018},
	month = {09},
	date = {2018-09},
	journal = {Stem Cell Reports},
	pages = {741--755},
	volume = {11},
	number = {3},
	doi = {10.1016/j.stemcr.2018.08.001},
	note = {Publisher: Cell Press}
}

@article{dann2008,
	title = {Spermatogonial Stem Cell Self-Renewal Requires OCT4, a Factor Downregulated During Retinoic Acid-Induced Differentiation},
	author = {{Dann}, {Christina Tenenhaus} and {Alvarado}, {Alma L.} and {Molyneux}, {Laura A.} and {Denard}, {Bray S.} and {Garbers}, {David L.} and {Porteus}, {Matthew H.}},
	year = {2008},
	month = {11},
	date = {2008-11},
	journal = {Stem Cells},
	pages = {2928--2937},
	volume = {26},
	number = {11},
	doi = {10.1634/stemcells.2008-0134},
	url = {https://stemcellsjournals.onlinelibrary.wiley.com/doi/full/10.1634/stemcells.2008-0134 https://stemcellsjournals.onlinelibrary.wiley.com/doi/abs/10.1634/stemcells.2008-0134 https://stemcellsjournals.onlinelibrary.wiley.com/doi/10.1634/stemcells.2008-0134},
	note = {Publisher: Wiley
PMID: 18719224}
}

@article{bergmann2015,
	title = {Regulation of the ESC transcriptome by nuclear long noncoding RNAs},
	author = {{Bergmann}, {Jan H.} and {Li}, {Jingjing} and {Eckersley-Maslin}, {Mélanie A.} and {Rigo}, {Frank} and {Freier}, {Susan M.} and {Spector}, {David L.}},
	year = {2015},
	month = {09},
	date = {2015-09},
	journal = {Genome Research},
	pages = {1336--1346},
	volume = {25},
	number = {9},
	doi = {10.1101/gr.189027.114},
	url = {http://www.genome.org/cgi/doi/10.1101/gr.189027.114.},
	note = {Publisher: Cold Spring Harbor Laboratory Press
PMID: 26048247}
}

@article{sundaram2020,
	title = {Transposable elements as a potent source of diverse cis-regulatory sequences in mammalian genomes.},
	author = {{Sundaram}, {Vasavi} and {Wysocka}, {Joanna}},
	year = {2020},
	month = {03},
	date = {2020-03-30},
	journal = {Philosophical Transactions of the Royal Society of London. Series B, Biological Sciences},
	pages = {20190347},
	volume = {375},
	number = {1795},
	doi = {10.1098/rstb.2019.0347},
	url = {https://royalsocietypublishing.org/doi/10.1098/rstb.2019.0347},
	note = {PMID: 32075564
PMCID: PMC7061989}
}

@article{sundaram2014,
	title = {Widespread contribution of transposable elements to the innovation of gene regulatory networks},
	author = {{Sundaram}, {Vasavi} and {Cheng}, {Yong} and {Ma}, {Zhihai} and {Li}, {Daofeng} and {Xing}, {Xiaoyun} and {Edge}, {Peter} and {Snyder}, {Michael P.} and {Wang}, {Ting}},
	year = {2014},
	month = {12},
	date = {2014-12},
	journal = {Genome Research},
	pages = {1963--1976},
	volume = {24},
	number = {12},
	doi = {10.1101/gr.168872.113},
	note = {Publisher: Cold Spring Harbor Laboratory Press}
}

@article{shinohara2001,
	title = {Remodeling of the postnatal mouse testis is accompanied by dramatic changes in stem cell number and niche accessibility},
	author = {{Shinohara}, {T.} and {Orwig}, {K. E.} and {Avarbock}, {M. R.} and {Brinster}, {R. L.}},
	year = {2001},
	month = {05},
	date = {2001-05-22},
	journal = {Proceedings of the National Academy of Sciences},
	pages = {6186--6191},
	volume = {98},
	number = {11},
	doi = {10.1073/pnas.111158198},
	url = {http://dx.doi.org/10.1073/pnas.111158198},
	langid = {en}
}

@article{flickinger1967,
	title = {The postnatal development of the Sertoli cells of the mouse},
	author = {{Flickinger}, {Charles J.}},
	year = {1967},
	date = {1967},
	journal = {Zeitschrift f?r Zellforschung und Mikroskopische Anatomie},
	pages = {92--113},
	volume = {78},
	number = {1},
	doi = {10.1007/bf00344405},
	url = {http://dx.doi.org/10.1007/BF00344405},
	langid = {en}
}

@article{defalco2015,
	title = {Macrophages Contribute to the Spermatogonial Niche in the Adult Testis},
	author = {{DeFalco}, {Tony} and {Potter}, {Sarah J.} and {Williams}, {Alyna V.} and {Waller}, {Brittain} and {Kan}, {Matthew J.} and {Capel}, {Blanche}},
	year = {2015},
	month = {08},
	date = {2015-08},
	journal = {Cell Reports},
	pages = {1107--1119},
	volume = {12},
	number = {7},
	doi = {10.1016/j.celrep.2015.07.015},
	url = {http://dx.doi.org/10.1016/j.celrep.2015.07.015},
	langid = {en}
}

@article{garbuzov2018,
	title = {Purification of GFR?1+ and GFR?1{\textendash} Spermatogonial Stem Cells Reveals a Niche-Dependent Mechanism for Fate Determination},
	author = {{Garbuzov}, {Alina} and {Pech}, {Matthew F.} and {Hasegawa}, {Kazuteru} and {Sukhwani}, {Meena} and {Zhang}, {Ruixuan J.} and {Orwig}, {Kyle E.} and {Artandi}, {Steven E.}},
	year = {2018},
	month = {02},
	date = {2018-02},
	journal = {Stem Cell Reports},
	pages = {553--567},
	volume = {10},
	number = {2},
	doi = {10.1016/j.stemcr.2017.12.009},
	url = {http://dx.doi.org/10.1016/j.stemcr.2017.12.009},
	langid = {en}
}

@article{starks2019,
	title = {Combined analysis of dissimilar promoter accessibility and gene expression profiles identifies tissue-specific genes and actively repressed networks},
	author = {{Starks}, {Rebekah R.} and {Biswas}, {Anilisa} and {Jain}, {Ashish} and {Tuteja}, {Geetu}},
	year = {2019},
	month = {02},
	date = {2019-02},
	journal = {Epigenetics and Chromatin},
	volume = {12},
	number = {1},
	doi = {10.1186/s13072-019-0260-2},
	note = {Publisher: BioMed Central Ltd.
PMID: 30795793}
}

@article{erkek2013,
	title = {Molecular determinants of nucleosome retention at CpG-rich sequences in mouse spermatozoa.},
	author = {{Erkek}, {Serap} and {Hisano}, {Mizue} and {Liang}, {Ching-Yeu} and {Gill}, {Mark} and {Murr}, {Rabih} and {Dieker}, {Jürgen} and {Schübeler}, {Dirk} and {van der Vlag}, {Johan} and {Stadler}, {Michael B} and {Peters}, {Antoine H F M}},
	year = {2013},
	month = {07},
	date = {2013-07},
	journal = {Nature Structural & Molecular Biology},
	pages = {868--875},
	volume = {20},
	number = {7},
	doi = {10.1038/nsmb.2599},
	url = {http://dx.doi.org/10.1038/nsmb.2599},
	note = {PMID: 23770822}
}

@article{lu2020,
	title = {Genomic Repeats Categorize Genes with Distinct Functions for Orchestrated Regulation.},
	author = {{Lu}, {J Yuyang} and {Shao}, {Wen} and {Chang}, {Lei} and {Yin}, {Yafei} and {Li}, {Tong} and {Zhang}, {Hui} and {Hong}, {Yantao} and {Percharde}, {Michelle} and {Guo}, {Lerui} and {Wu}, {Zhongyang} and {Liu}, {Lichao} and {Liu}, {Wei} and {Yan}, {Pixi} and {Ramalho-Santos}, {Miguel} and {Sun}, {Yujie} and {Shen}, {Xiaohua}},
	year = {2020},
	month = {03},
	date = {2020-03-10},
	journal = {Cell reports},
	pages = {3296--3311.e5},
	volume = {30},
	number = {10},
	doi = {10.1016/j.celrep.2020.02.048},
	url = {https://linkinghub.elsevier.com/retrieve/pii/S2211124720302096},
	note = {PMID: 32160538
PMCID: PMC7195444}
}

@article{fukuda2005,
	title = {Developmental expression patterns of testicular olfactory receptor genes during mouse spermatogenesis},
	author = {{Fukuda}, {Nanaho} and {Touhara}, {Kazushige}},
	year = {2005},
	month = {11},
	date = {2005-11-22},
	journal = {Genes to Cells},
	pages = {71--81},
	volume = {11},
	number = {1},
	doi = {10.1111/j.1365-2443.2005.00915.x},
	url = {http://dx.doi.org/10.1111/j.1365-2443.2005.00915.x},
	langid = {en}
}

@article{vanderhaeghen1997,
	title = {Specific Repertoire of Olfactory Receptor Genes in the Male Germ Cells of Several Mammalian Species},
	author = {{Vanderhaeghen}, {Pierre} and {Schurmans}, {Stéphane} and {Vassart}, {Gilbert} and {Parmentier}, {Marc}},
	year = {1997},
	month = {02},
	date = {1997-02},
	journal = {Genomics},
	pages = {239--246},
	volume = {39},
	number = {3},
	doi = {10.1006/geno.1996.4490},
	url = {http://dx.doi.org/10.1006/geno.1996.4490},
	langid = {en}
}

@article{kubota2004a,
	title = {Culture Conditions and Single Growth Factors Affect Fate Determination of Mouse Spermatogonial Stem Cells1},
	author = {{Kubota}, {Hiroshi} and {Avarbock}, {Mary R.} and {Brinster}, {Ralph L.}},
	year = {2004},
	month = {09},
	date = {2004-09-01},
	journal = {Biology of Reproduction},
	pages = {722--731},
	volume = {71},
	number = {3},
	doi = {10.1095/biolreprod.104.029207},
	url = {http://dx.doi.org/10.1095/biolreprod.104.029207},
	langid = {en}
}

@article{yang2013,
	title = {MicroRNAs 221 and 222 regulate the undifferentiated state in mammalian male germ cells},
	author = {{Yang}, {Qi-En} and {Racicot}, {Karen E.} and {Kaucher}, {Amy V.} and {Oatley}, {Melissa J.} and {Oatley}, {Jon M.}},
	year = {2013},
	month = {01},
	date = {2013-01-15},
	journal = {Development},
	pages = {280--290},
	volume = {140},
	number = {2},
	doi = {10.1242/dev.087403},
	url = {http://dx.doi.org/10.1242/dev.087403},
	langid = {en}
}

@article{krueger2015,
	title = {Trim Galore. A wrapper tool around Cutadapt and FastQC to consistently apply quality and adapter trimming to FastQ files, www.bioinformatics.babraham.ac.uk/projects/trim{\_}galore/},
	author = {{Krueger}, {Felix}},
	year = {2015},
	month = {03},
	date = {2015-03}
}

@book{rcoreteam2019,
	title = {R: A Language and Environment for Statistical Computing},
	author = {{R Core Team}, {}},
	year = {2019},
	date = {2019},
	publisher = {R Foundation for Statistical Computing},
	url = {https://www.R-project.org},
	address = {Vienna, Austria}
}

@article{huber2015,
	title = {Orchestrating high-throughput genomic analysis with Bioconductor.},
	author = {{Huber}, {Wolfgang} and {Carey}, {Vincent J} and {Gentleman}, {Robert} and {Anders}, {Simon} and {Carlson}, {Marc} and {Carvalho}, {Benilton S} and {Bravo}, {Hector Corrada} and {Davis}, {Sean} and {Gatto}, {Laurent} and {Girke}, {Thomas} and {Gottardo}, {Raphael} and {Hahne}, {Florian} and {Hansen}, {Kasper D} and {Irizarry}, {Rafael A} and {Lawrence}, {Michael} and {Love}, {Michael I} and {MacDonald}, {James} and {Obenchain}, {Valerie} and {Ole{\'{s}}}, {Andrzej K} and {Pagès}, {Hervé} and {Reyes}, {Alejandro} and {Shannon}, {Paul} and {Smyth}, {Gordon K} and {Tenenbaum}, {Dan} and {Waldron}, {Levi} and {Morgan}, {Martin}},
	year = {2015},
	month = {02},
	date = {2015-02},
	journal = {Nature Methods},
	pages = {115--121},
	volume = {12},
	number = {2},
	doi = {10.1038/nmeth.3252},
	url = {http://dx.doi.org/10.1038/nmeth.3252},
	note = {PMID: 25633503
PMCID: PMC4509590}
}

@article{robinson2010a,
	title = {A scaling normalization method for differential expression analysis of RNA-seq data},
	author = {{Robinson}, {Mark D} and {Oshlack}, {Alicia}},
	year = {2010},
	date = {2010},
	journal = {Genome Biology},
	pages = {R25},
	volume = {11},
	number = {3},
	doi = {10.1186/gb-2010-11-3-r25},
	url = {http://dx.doi.org/10.1186/gb-2010-11-3-r25},
	langid = {en}
}

@article{supek2011,
	title = {REVIGO Summarizes and Visualizes Long Lists of Gene Ontology Terms},
	author = {{Supek}, {Fran} and {Bo{\v{s}}njak}, {Matko} and {{\v{S}}kunca}, {Nives} and {{\v{S}}muc}, {Tomislav}},
	editor = {{Gibas}, {Cynthia}},
	year = {2011},
	month = {07},
	date = {2011-07-18},
	journal = {PLoS ONE},
	pages = {e21800},
	volume = {6},
	number = {7},
	doi = {10.1371/journal.pone.0021800},
	url = {http://dx.doi.org/10.1371/journal.pone.0021800},
	langid = {en}
}

@book{gu2021,
	title = {rGREAT: Client for GREAT Analysis},
	author = {{Gu}, {Zuguang}},
	year = {2021},
	date = {2021}
}

@book{wickham2016,
	title = {ggplot2: Elegant Graphics for Data Analysis},
	author = {{Wickham}, {Hadley}},
	year = {2016},
	date = {2016},
	publisher = {Springer-Verlag New York},
	url = {https://ggplot2.tidyverse.org}
}

@article{gu2018,
	title = {EnrichedHeatmap: an R/Bioconductor package for comprehensive visualization of genomic signal associations.},
	author = {{Gu}, {Zuguang} and {Eils}, {Roland} and {Schlesner}, {Matthias} and {Ishaque}, {Naveed}},
	year = {2018},
	month = {04},
	date = {2018-04-04},
	journal = {BMC Genomics},
	pages = {234},
	volume = {19},
	number = {1},
	doi = {10.1186/s12864-018-4625-x},
	url = {http://dx.doi.org/10.1186/s12864-018-4625-x},
	note = {PMID: 29618320
PMCID: PMC5885322}
}

@article{gu2016,
	title = {Complex heatmaps reveal patterns and correlations in multidimensional genomic data.},
	author = {{Gu}, {Zuguang} and {Eils}, {Roland} and {Schlesner}, {Matthias}},
	year = {2016},
	month = {09},
	date = {2016-09-15},
	journal = {Bioinformatics},
	pages = {2847{\textendash}2849},
	volume = {32},
	number = {18},
	doi = {10.1093/bioinformatics/btw313},
	url = {http://dx.doi.org/10.1093/bioinformatics/btw313},
	note = {PMID: 27207943}
}

@article{zuo2016,
	title = {piRNAs and Their Functions in the Brain},
	author = {{Zuo}, {Lingjun} and {Wang}, {Zhiren} and {Tan}, {Yunlong} and {Chen}, {Xiangning} and {Luo}, {Xingguang}},
	year = {2016},
	month = {03},
	date = {2016-03},
	journal = {International Journal of Human Genetics},
	pages = {53--60},
	volume = {16},
	number = {1-2},
	doi = {10.1080/09723757.2016.11886278},
	url = {http://dx.doi.org/10.1080/09723757.2016.11886278},
	langid = {en}
}

@article{zhu2016,
	title = {Identification of Tissue-Specific Protein-Coding and Noncoding Transcripts across 14 Human Tissues Using RNA-seq.},
	author = {{Zhu}, {Jinhang} and {Chen}, {Geng} and {Zhu}, {Sibo} and {Li}, {Suqing} and {Wen}, {Zhuo} and {Bin Li}, {} and {Zheng}, {Yuanting} and {Shi}, {Leming}},
	year = {2016},
	month = {06},
	date = {2016-06-22},
	journal = {Scientific Reports},
	pages = {28400},
	volume = {6},
	doi = {10.1038/srep28400},
	url = {http://dx.doi.org/10.1038/srep28400},
	note = {PMID: 27329541
PMCID: PMC4916594}
}

@article{pratt2009,
	title = {The RNA-induced silencing complex: a versatile gene-silencing machine.},
	author = {{Pratt}, {Ashley J} and {MacRae}, {Ian J}},
	year = {2009},
	month = {07},
	date = {2009-07-03},
	journal = {The Journal of Biological Chemistry},
	pages = {17897--17901},
	volume = {284},
	number = {27},
	doi = {10.1074/jbc.R900012200},
	url = {http://dx.doi.org/10.1074/jbc.R900012200},
	note = {PMID: 19342379
PMCID: PMC2709356}
}

@article{gong2005,
	title = {The role of small RNAs in human diseases: potential troublemaker and therapeutic tools.},
	author = {{Gong}, {Huan} and {Liu}, {Chang-Mei} and {Liu}, {De-Pei} and {Liang}, {Chih-Chuan}},
	year = {2005},
	month = {05},
	date = {2005-05},
	journal = {Medicinal Research Reviews},
	pages = {361--381},
	volume = {25},
	number = {3},
	doi = {10.1002/med.20023},
	url = {http://dx.doi.org/10.1002/med.20023},
	note = {PMID: 15637700
PMCID: PMC7168392}
}

@article{loher2017,
	title = {MINTmap: fast and exhaustive profiling of nuclear and mitochondrial tRNA fragments from short RNA-seq data.},
	author = {{Loher}, {Phillipe} and {Telonis}, {Aristeidis G} and {Rigoutsos}, {Isidore}},
	year = {2017},
	month = {02},
	date = {2017-02-21},
	journal = {Scientific Reports},
	pages = {41184},
	volume = {7},
	doi = {10.1038/srep41184},
	url = {http://dx.doi.org/10.1038/srep41184},
	note = {PMID: 28220888
PMCID: PMC5318995}
}

@article{li2018,
	title = {TAM 2.0: tool for MicroRNA set analysis.},
	author = {{Li}, {Jianwei} and {Han}, {Xiaofen} and {Wan}, {Yanping} and {Zhang}, {Shan} and {Zhao}, {Yingshu} and {Fan}, {Rui} and {Cui}, {Qinghua} and {Zhou}, {Yuan}},
	year = {2018},
	month = {07},
	date = {2018-07-02},
	journal = {Nucleic Acids Research},
	pages = {W180--W185},
	volume = {46},
	number = {W1},
	doi = {10.1093/nar/gky509},
	url = {http://dx.doi.org/10.1093/nar/gky509},
	note = {PMID: 29878154
PMCID: PMC6031048}
}

@article{desvignes2019,
	title = {miRNA analysis with Prost! reveals evolutionary conservation of organ-enriched expression and post-transcriptional modifications in three-spined stickleback and zebrafish.},
	author = {{Desvignes}, {Thomas} and {Batzel}, {Peter} and {Sydes}, {Jason} and {Eames}, {B Frank} and {Postlethwait}, {John H}},
	year = {2019},
	month = {03},
	date = {2019-03-08},
	journal = {Scientific Reports},
	pages = {3913},
	volume = {9},
	number = {1},
	doi = {10.1038/s41598-019-40361-8},
	url = {http://dx.doi.org/10.1038/s41598-019-40361-8},
	note = {PMID: 30850632
PMCID: PMC6408482}
}

@article{vitsios2015,
	title = {Chimira: analysis of small RNA sequencing data and microRNA modifications.},
	author = {{Vitsios}, {Dimitrios M} and {Enright}, {Anton J}},
	year = {2015},
	month = {10},
	date = {2015-10-15},
	journal = {Bioinformatics},
	pages = {3365--3367},
	volume = {31},
	number = {20},
	doi = {10.1093/bioinformatics/btv380},
	url = {http://dx.doi.org/10.1093/bioinformatics/btv380},
	note = {PMID: 26093149
PMCID: PMC4595902}
}

@article{wu2013,
	title = {mirTools 2.0 for non-coding RNA discovery, profiling, and functional annotation based on high-throughput sequencing.},
	author = {{Wu}, {Jinyu} and {Liu}, {Qi} and {Wang}, {Xin} and {Zheng}, {Jiayong} and {Wang}, {Tao} and {You}, {Mingcong} and {Sheng Sun}, {Zhong} and {Shi}, {Qinghua}},
	year = {2013},
	month = {07},
	date = {2013-07},
	journal = {RNA Biology},
	pages = {1087--1092},
	volume = {10},
	number = {7},
	doi = {10.4161/rna.25193},
	url = {http://dx.doi.org/10.4161/rna.25193},
	note = {PMID: 23778453
PMCID: PMC3849156}
}

@article{chen2012,
	title = {ncPRO-seq: a tool for annotation and profiling of ncRNAs in sRNA-seq data.},
	author = {{Chen}, {Chong-Jian} and {Servant}, {Nicolas} and {Toedling}, {Joern} and {Sarazin}, {Alexis} and {Marchais}, {Antonin} and {Duvernois-Berthet}, {Evelyne} and {Cognat}, {Valérie} and {Colot}, {Vincent} and {Voinnet}, {Olivier} and {Heard}, {Edith} and {Ciaudo}, {Constance} and {Barillot}, {Emmanuel}},
	year = {2012},
	month = {12},
	date = {2012-12-01},
	journal = {Bioinformatics},
	pages = {3147--3149},
	volume = {28},
	number = {23},
	doi = {10.1093/bioinformatics/bts587},
	url = {http://dx.doi.org/10.1093/bioinformatics/bts587},
	note = {PMID: 23044543}
}

@article{rueda2015,
	title = {sRNAtoolbox: an integrated collection of small RNA research tools.},
	author = {{Rueda}, {Antonio} and {Barturen}, {Guillermo} and {Lebrón}, {Ricardo} and {Gómez-Martín}, {Cristina} and {Alganza}, {Ángel} and {Oliver}, {José L} and {Hackenberg}, {Michael}},
	year = {2015},
	month = {07},
	date = {2015-07-01},
	journal = {Nucleic Acids Research},
	pages = {W467--73},
	volume = {43},
	number = {W1},
	doi = {10.1093/nar/gkv555},
	url = {http://dx.doi.org/10.1093/nar/gkv555},
	note = {PMID: 26019179
PMCID: PMC4489306}
}

@article{kuksa2018,
	title = {SPAR: small RNA-seq portal for analysis of sequencing experiments.},
	author = {{Kuksa}, {Pavel P} and {Amlie-Wolf}, {Alexandre} and {Katanic}, {{\v{Z}}ivadin} and {Valladares}, {Otto} and {Wang}, {Li-San} and {Leung}, {Yuk Yee}},
	year = {2018},
	month = {07},
	date = {2018-07-02},
	journal = {Nucleic Acids Research},
	pages = {W36--W42},
	volume = {46},
	number = {W1},
	doi = {10.1093/nar/gky330},
	url = {http://dx.doi.org/10.1093/nar/gky330},
	note = {PMID: 29733404
PMCID: PMC6030839}
}

@article{magee2017,
	title = {Threshold-seq: a tool for determining the threshold in short RNA-seq datasets.},
	author = {{Magee}, {Rogan} and {Loher}, {Phillipe} and {Londin}, {Eric} and {Rigoutsos}, {Isidore}},
	year = {2017},
	month = {07},
	date = {2017-07-01},
	journal = {Bioinformatics},
	pages = {2034--2036},
	volume = {33},
	number = {13},
	doi = {10.1093/bioinformatics/btx073},
	url = {http://dx.doi.org/10.1093/bioinformatics/btx073},
	note = {PMID: 28203700
PMCID: PMC5870860}
}

@article{wu2017,
	title = {sRNAnalyzer-a flexible and customizable small RNA sequencing data analysis pipeline.},
	author = {{Wu}, {Xiaogang} and {Kim}, {Taek-Kyun} and {Baxter}, {David} and {Scherler}, {Kelsey} and {Gordon}, {Aaron} and {Fong}, {Olivia} and {Etheridge}, {Alton} and {Galas}, {David J} and {Wang}, {Kai}},
	year = {2017},
	month = {12},
	date = {2017-12-01},
	journal = {Nucleic Acids Research},
	pages = {12140--12151},
	volume = {45},
	number = {21},
	doi = {10.1093/nar/gkx999},
	url = {http://dx.doi.org/10.1093/nar/gkx999},
	note = {PMID: 29069500
PMCID: PMC5716150}
}

@article{stocks2012,
	title = {The UEA sRNA workbench: a suite of tools for analysing and visualizing next generation sequencing microRNA and small RNA datasets.},
	author = {{Stocks}, {Matthew B} and {Moxon}, {Simon} and {Mapleson}, {Daniel} and {Woolfenden}, {Hugh C} and {Mohorianu}, {Irina} and {Folkes}, {Leighton} and {Schwach}, {Frank} and {Dalmay}, {Tamas} and {Moulton}, {Vincent}},
	year = {2012},
	month = {08},
	date = {2012-08-01},
	journal = {Bioinformatics},
	pages = {2059--2061},
	volume = {28},
	number = {15},
	doi = {10.1093/bioinformatics/bts311},
	url = {http://dx.doi.org/10.1093/bioinformatics/bts311},
	note = {PMID: 22628521
PMCID: PMC3400958}
}

@article{shi2018,
	title = {SPORTS1.0: A Tool for Annotating and Profiling Non-coding RNAs Optimized for rRNA- and tRNA-derived Small RNAs.},
	author = {{Shi}, {Junchao} and {Ko}, {Eun-A} and {Sanders}, {Kenton M} and {Chen}, {Qi} and {Zhou}, {Tong}},
	year = {2018},
	month = {04},
	date = {2018-04},
	journal = {Genomics, proteomics & bioinformatics / Beijing Genomics Institute},
	pages = {144--151},
	volume = {16},
	number = {2},
	doi = {10.1016/j.gpb.2018.04.004},
	url = {http://linkinghub.elsevier.com/retrieve/pii/S1672022918300445},
	note = {PMID: 29730207
PMCID: PMC6112344}
}

@article{rahman2018,
	title = {Oasis 2: improved online analysis of small RNA-seq data.},
	author = {{Rahman}, {Raza-Ur} and {Gautam}, {Abhivyakti} and {Bethune}, {Jörn} and {Sattar}, {Abdul} and {Fiosins}, {Maksims} and {Magruder}, {Daniel Sumner} and {Capece}, {Vincenzo} and {Shomroni}, {Orr} and {Bonn}, {Stefan}},
	year = {2018},
	month = {02},
	date = {2018-02-14},
	journal = {BMC Bioinformatics},
	pages = {54},
	volume = {19},
	number = {1},
	doi = {10.1186/s12859-018-2047-z},
	url = {http://dx.doi.org/10.1186/s12859-018-2047-z},
	note = {PMID: 29444641
PMCID: PMC5813365}
}

@article{hou2010,
	title = {CCA addition to tRNA: implications for tRNA quality control.},
	author = {{Hou}, {Ya-Ming}},
	year = {2010},
	month = {04},
	date = {2010-04},
	journal = {IUBMB Life},
	pages = {251--260},
	volume = {62},
	number = {4},
	doi = {10.1002/iub.301},
	url = {http://dx.doi.org/10.1002/iub.301},
	note = {PMID: 20101632
PMCID: PMC2848691}
}

@article{ibba2000,
	title = {Aminoacyl-tRNA synthesis.},
	author = {{Ibba}, {M} and {Soll}, {D}},
	year = {2000},
	date = {2000},
	journal = {Annual Review of Biochemistry},
	pages = {617--650},
	volume = {69},
	doi = {10.1146/annurev.biochem.69.1.617},
	url = {http://dx.doi.org/10.1146/annurev.biochem.69.1.617},
	note = {PMID: 10966471}
}

@article{barraud2019,
	title = {To be or not to be modified: Miscellaneous aspects influencing nucleotide modifications in tRNAs.},
	author = {{Barraud}, {Pierre} and {Tisné}, {Carine}},
	year = {2019},
	month = {08},
	date = {2019-08},
	journal = {IUBMB Life},
	pages = {1126--1140},
	volume = {71},
	number = {8},
	doi = {10.1002/iub.2041},
	url = {http://dx.doi.org/10.1002/iub.2041},
	note = {PMID: 30932315
PMCID: PMC6850298}
}

@inbook{sprinzl1979,
	title = {The -C-C-A End of tRNA and Its Role in Protein Biosynthesis},
	author = {{Sprinzl}, {Mathias} and {Cramer}, {Friedrich}},
	year = {1979},
	date = {1979},
	publisher = {Elsevier},
	pages = {1--69},
	doi = {10.1016/s0079-6603(08)60798-9},
	url = {http://dx.doi.org/10.1016/s0079-6603(08)60798-9}
}

@article{green1997,
	title = {Ribosomes and translation.},
	author = {{Green}, {R} and {Noller}, {H F}},
	year = {1997},
	date = {1997},
	journal = {Annual Review of Biochemistry},
	pages = {679--716},
	volume = {66},
	doi = {10.1146/annurev.biochem.66.1.679},
	url = {http://dx.doi.org/10.1146/annurev.biochem.66.1.679},
	note = {PMID: 9242921}
}

@article{cooley1982,
	title = {Post-transcriptional nucleotide addition is responsible for the formation of the 5' terminus of histidine tRNA.},
	author = {{Cooley}, {L.} and {Appel}, {B.} and {Soll}, {D.}},
	year = {1982},
	month = {11},
	date = {1982-11-01},
	journal = {Proceedings of the National Academy of Sciences},
	pages = {6475--6479},
	volume = {79},
	number = {21},
	doi = {10.1073/pnas.79.21.6475},
	url = {http://dx.doi.org/10.1073/pnas.79.21.6475},
	langid = {en}
}

@article{cozen2015,
	title = {ARM-seq: AlkB-facilitated RNA methylation sequencing reveals a complex landscape of modified tRNA fragments.},
	author = {{Cozen}, {Aaron E} and {Quartley}, {Erin} and {Holmes}, {Andrew D} and {Hrabeta-Robinson}, {Eva} and {Phizicky}, {Eric M} and {Lowe}, {Todd M}},
	year = {2015},
	month = {09},
	date = {2015-09},
	journal = {Nature Methods},
	pages = {879--884},
	volume = {12},
	number = {9},
	doi = {10.1038/nmeth.3508},
	url = {http://dx.doi.org/10.1038/nmeth.3508},
	note = {PMID: 26237225
PMCID: PMC4553111}
}

@article{fromant2000,
	title = {Function of the Extra 5{\textquoteleft}-Phosphate Carried by Histidine tRNA},
	author = {{Fromant}, {Michel} and {Plateau}, {Pierre} and {Blanquet}, {Sylvain}},
	year = {2000},
	month = {03},
	date = {2000-03-16},
	journal = {Biochemistry},
	pages = {4062--4067},
	volume = {39},
	number = {14},
	doi = {10.1021/bi9923297},
	url = {http://dx.doi.org/10.1021/bi9923297},
	langid = {en}
}

@article{freist1999,
	title = {Histidyl-tRNA synthetase.},
	author = {{Freist}, {W} and {Verhey}, {J F} and {Rühlmann}, {A} and {Gauss}, {D H} and {Arnez}, {J G}},
	year = {1999},
	month = {06},
	date = {1999-06},
	journal = {Biological Chemistry},
	pages = {623--646},
	volume = {380},
	number = {6},
	doi = {10.1515/BC.1999.079},
	url = {http://dx.doi.org/10.1515/BC.1999.079},
	note = {PMID: 10430027}
}

@article{skog2021,
	title = {Seqpac: A New Framework for small RNA analysis in R using Sequence-Based Counts},
	author = {{Skog}, {Signe} and {Örkenby}, {Lovisa} and {Kugelberg}, {Unn} and {Tariq}, {Kanwal} and {Farrants}, {Ann-Kristin Östlund} and {Öst}, {Anita} and {Nätt}, {Daniel}},
	year = {2021},
	month = {03},
	date = {2021-03-21},
	journal = {BioRxiv},
	doi = {10.1101/2021.03.19.436151},
	url = {http://biorxiv.org/lookup/doi/10.1101/2021.03.19.436151}
}

@article{huang2020,
	title = {TreeSummarizedExperiment: a S4 class for data with hierarchical structure},
	author = {{Huang}, {Ruizhu} and {Soneson}, {Charlotte} and {Ernst}, {Felix G.M.} and {Rue-Albrecht}, {Kevin C.} and {Yu}, {Guangchuang} and {Hicks}, {Stephanie C.} and {Robinson}, {Mark D.}},
	year = {2020},
	month = {10},
	date = {2020-10-15},
	journal = {F1000Research},
	pages = {1246},
	volume = {9},
	doi = {10.12688/f1000research.26669.1},
	url = {https://f1000research.com/articles/9-1246/v1},
	note = {PMID: 33274053
PMCID: PMC7684683}
}

@article{morgan2020,
	title = {SummarizedExperiment: SummarizedExperiment container},
	author = {{Morgan}, {Martin} and {Obenchain}, {Valerie} and {Hester}, {Jim} and {Pagès}, {Hervé}},
	year = {2020},
	date = {2020},
	url = {https://bioconductor.org/packages/SummarizedExperiment},
	note = {Type: OTHER}
}

@article{wang2020,
	title = {Rfastp: An Ultra-Fast and All-in-One Fastq Preprocessor (QualityControl, Adapter, low quality and polyX trimming) and UMISequence Parsing).},
	author = {{Wang}, {Wei} and {Carroll}, {Thomas}},
	year = {2020},
	date = {2020},
	url = {http://www.bioconductor.org/packages/release/bioc/html/Rfastp.html},
	note = {Type: SOFTWARE.PROGRAM{\_}DOCUMENTATION}
}

@article{kaisers2020,
	title = {seqTools: Analysis of nucleotide, sequence and quality content on fastqfiles},
	author = {{Kaisers}, {Wolfgang}},
	year = {2020},
	date = {2020},
	url = {https://bioconductor.org/packages/release/bioc/html/seqTools.html},
	note = {Type: SOFTWARE.PROGRAM{\_}DOCUMENTATION}
}

@article{pagès2020,
	title = {Biostrings: Efficient manipulation of biological strings},
	author = {{Pagès}, {H.} and {Aboyoun}, {P.} and {Gentleman}, {R.} and {DebRoy}, {S.}},
	year = {2020},
	date = {2020},
	url = {https://bioconductor.org/packages/Biostrings},
	note = {Type: OTHER}
}

@article{buffalo2020,
	title = {qrqc: Quick Read Quality Control},
	author = {{Buffalo}, {Vince}},
	year = {2020},
	date = {2020},
	url = {http://github.com/vsbuffalo/qrqc},
	note = {Type: OTHER}
}

@article{morgan2009,
	title = {ShortRead: a bioconductor package for input, quality assessment and exploration of high-throughput sequence data.},
	author = {{Morgan}, {Martin} and {Anders}, {Simon} and {Lawrence}, {Michael} and {Aboyoun}, {Patrick} and {Pagès}, {Hervé} and {Gentleman}, {Robert}},
	year = {2009},
	month = {10},
	date = {2009-10-01},
	journal = {Bioinformatics},
	pages = {2607--2608},
	volume = {25},
	number = {19},
	doi = {10.1093/bioinformatics/btp450},
	url = {http://dx.doi.org/10.1093/bioinformatics/btp450},
	note = {PMID: 19654119
PMCID: PMC2752612}
}

@article{fu2018,
	title = {Elimination of PCR duplicates in RNA-seq and small RNA-seq using unique molecular identifiers.},
	author = {{Fu}, {Yu} and {Wu}, {Pei-Hsuan} and {Beane}, {Timothy} and {Zamore}, {Phillip D} and {Weng}, {Zhiping}},
	year = {2018},
	month = {07},
	date = {2018-07-13},
	journal = {BMC Genomics},
	pages = {531},
	volume = {19},
	number = {1},
	doi = {10.1186/s12864-018-4933-1},
	url = {http://dx.doi.org/10.1186/s12864-018-4933-1},
	note = {PMID: 30001700
PMCID: PMC6044086}
}

@article{tsagiopoulou2021,
	title = {UMIc: A Preprocessing Method for UMI Deduplication and Reads Correction},
	author = {{Tsagiopoulou}, {Maria} and {Maniou}, {Maria Christina} and {Pechlivanis}, {Nikolaos} and {Togkousidis}, {Anastasis} and {Kotrová}, {Michaela} and {Hutzenlaub}, {Tobias} and {Kappas}, {Ilias} and {Chatzidimitriou}, {Anastasia} and {Psomopoulos}, {Fotis}},
	year = {2021},
	month = {05},
	date = {2021-05-28},
	journal = {Frontiers in Genetics},
	volume = {12},
	doi = {10.3389/fgene.2021.660366},
	url = {http://dx.doi.org/10.3389/fgene.2021.660366}
}

@article{griffiths-jones2008,
	title = {miRBase: tools for microRNA genomics.},
	author = {{Griffiths-Jones}, {Sam} and {Saini}, {Harpreet Kaur} and {van Dongen}, {Stijn} and {Enright}, {Anton J}},
	year = {2008},
	month = {01},
	date = {2008-01},
	journal = {Nucleic Acids Research},
	pages = {D154--8},
	volume = {36},
	number = {Database issue},
	doi = {10.1093/nar/gkm952},
	url = {http://dx.doi.org/10.1093/nar/gkm952},
	note = {PMID: 17991681
PMCID: PMC2238936}
}

@article{chan2016,
	title = {GtRNAdb 2.0: an expanded database of transfer RNA genes identified in complete and draft genomes.},
	author = {{Chan}, {Patricia P} and {Lowe}, {Todd M}},
	year = {2016},
	month = {01},
	date = {2016-01-04},
	journal = {Nucleic Acids Research},
	pages = {D184--9},
	volume = {44},
	number = {D1},
	doi = {10.1093/nar/gkv1309},
	url = {http://dx.doi.org/10.1093/nar/gkv1309},
	note = {PMID: 26673694
PMCID: PMC4702915}
}

@article{jühling2009,
	title = {tRNAdb 2009: compilation of tRNA sequences and tRNA genes.},
	author = {{Jühling}, {Frank} and {Mörl}, {Mario} and {Hartmann}, {Roland K} and {Sprinzl}, {Mathias} and {Stadler}, {Peter F} and {Pütz}, {Joern}},
	year = {2009},
	month = {01},
	date = {2009-01},
	journal = {Nucleic Acids Research},
	pages = {D159--62},
	volume = {37},
	number = {Database issue},
	doi = {10.1093/nar/gkn772},
	url = {http://dx.doi.org/10.1093/nar/gkn772},
	note = {PMID: 18957446
PMCID: PMC2686557}
}

@article{li2013,
	title = {An ancient transcription factor initiates the burst of piRNA production during early meiosis in mouse testes.},
	author = {{Li}, {Xin Zhiguo} and {Roy}, {Christian K} and {Dong}, {Xianjun} and {Bolcun-Filas}, {Ewelina} and {Wang}, {Jie} and {Han}, {Bo W} and {Xu}, {Jia} and {Moore}, {Melissa J} and {Schimenti}, {John C} and {Weng}, {Zhiping} and {Zamore}, {Phillip D}},
	year = {2013},
	month = {04},
	date = {2013-04-11},
	journal = {Molecular Cell},
	pages = {67--81},
	volume = {50},
	number = {1},
	doi = {10.1016/j.molcel.2013.02.016},
	url = {http://dx.doi.org/10.1016/j.molcel.2013.02.016},
	note = {PMID: 23523368
PMCID: PMC3671569}
}

@article{quast2013,
	title = {The SILVA ribosomal RNA gene database project: improved data processing and web-based tools.},
	author = {{Quast}, {Christian} and {Pruesse}, {Elmar} and {Yilmaz}, {Pelin} and {Gerken}, {Jan} and {Schweer}, {Timmy} and {Yarza}, {Pablo} and {Peplies}, {Jörg} and {Glöckner}, {Frank Oliver}},
	year = {2013},
	month = {01},
	date = {2013-01},
	journal = {Nucleic Acids Research},
	pages = {D590--6},
	volume = {41},
	number = {Database issue},
	doi = {10.1093/nar/gks1219},
	url = {http://dx.doi.org/10.1093/nar/gks1219},
	note = {PMID: 23193283
PMCID: PMC3531112}
}

@article{howe2021,
	title = {Ensembl 2021.},
	author = {{Howe}, {Kevin L} and {Achuthan}, {Premanand} and {Allen}, {James} and {Allen}, {Jamie} and {Alvarez-Jarreta}, {Jorge} and {Amode}, {M Ridwan} and {Armean}, {Irina M} and {Azov}, {Andrey G} and {Bennett}, {Ruth} and {Bhai}, {Jyothish} and {Billis}, {Konstantinos} and {Boddu}, {Sanjay} and {Charkhchi}, {Mehrnaz} and {Cummins}, {Carla} and {Da Rin Fioretto}, {Luca} and {Davidson}, {Claire} and {Dodiya}, {Kamalkumar} and {El Houdaigui}, {Bilal} and {Fatima}, {Reham} and {Gall}, {Astrid} and {Garcia Giron}, {Carlos} and {Grego}, {Tiago} and {Guijarro-Clarke}, {Cristina} and {Haggerty}, {Leanne} and {Hemrom}, {Anmol} and {Hourlier}, {Thibaut} and {Izuogu}, {Osagie G} and {Juettemann}, {Thomas} and {Kaikala}, {Vinay} and {Kay}, {Mike} and {Lavidas}, {Ilias} and {Le}, {Tuan} and {Lemos}, {Diana} and {Gonzalez Martinez}, {Jose} and {Marugán}, {José Carlos} and {Maurel}, {Thomas} and {McMahon}, {Aoife C} and {Mohanan}, {Shamika} and {Moore}, {Benjamin} and {Muffato}, {Matthieu} and {Oheh}, {Denye N} and {Paraschas}, {Dimitrios} and {Parker}, {Anne} and {Parton}, {Andrew} and {Prosovetskaia}, {Irina} and {Sakthivel}, {Manoj P} and {Salam}, {Ahamed I Abdul} and {Schmitt}, {Bianca M} and {Schuilenburg}, {Helen} and {Sheppard}, {Dan} and {Steed}, {Emily} and {Szpak}, {Michal} and {Szuba}, {Marek} and {Taylor}, {Kieron} and {Thormann}, {Anja} and {Threadgold}, {Glen} and {Walts}, {Brandon} and {Winterbottom}, {Andrea} and {Chakiachvili}, {Marc} and {Chaubal}, {Ameya} and {De Silva}, {Nishadi} and {Flint}, {Bethany} and {Frankish}, {Adam} and {Hunt}, {Sarah E} and {IIsley}, {Garth R} and {Langridge}, {Nick} and {Loveland}, {Jane E} and {Martin}, {Fergal J} and {Mudge}, {Jonathan M} and {Morales}, {Joanella} and {Perry}, {Emily} and {Ruffier}, {Magali} and {Tate}, {John} and {Thybert}, {David} and {Trevanion}, {Stephen J} and {Cunningham}, {Fiona} and {Yates}, {Andrew D} and {Zerbino}, {Daniel R} and {Flicek}, {Paul}},
	year = {2021},
	month = {01},
	date = {2021-01-08},
	journal = {Nucleic Acids Research},
	pages = {D884--D891},
	volume = {49},
	number = {D1},
	doi = {10.1093/nar/gkaa942},
	url = {http://dx.doi.org/10.1093/nar/gkaa942},
	note = {PMID: 33137190
PMCID: PMC7778975}
}

@inbook{lai2013,
	title = {MicroRNA Clusters},
	author = {{Lai}, {Xin} and {Vera}, {Julio}},
	year = {2013},
	date = {2013},
	publisher = {Springer New York},
	pages = {1310--1314},
	doi = {10.1007/978-1-4419-9863-7_1121},
	url = {http://dx.doi.org/10.1007/978-1-4419-9863-7_1121}
}

@article{baumgart2017,
	title = {A miRNA catalogue and ncRNA annotation of the short-living fish Nothobranchius furzeri},
	author = {{Baumgart}, {Mario} and {Barth}, {Emanuel} and {Savino}, {Aurora} and {Groth}, {Marco} and {Koch}, {Philipp} and {Petzold}, {Andreas} and {Arisi}, {Ivan} and {Platzer}, {Matthias} and {Marz}, {Manja} and {Cellerino}, {Alessandro}},
	year = {2017},
	month = {09},
	date = {2017-09-05},
	journal = {BMC Genomics},
	volume = {18},
	number = {1},
	doi = {10.1186/s12864-017-3951-8},
	url = {http://dx.doi.org/10.1186/s12864-017-3951-8},
	langid = {en}
}

@article{yuan2009,
	title = {Clustered microRNAs' coordination in regulating protein-protein interaction network.},
	author = {{Yuan}, {Xiongying} and {Liu}, {Changning} and {Yang}, {Pengcheng} and {He}, {Shunmin} and {Liao}, {Qi} and {Kang}, {Shuli} and {Zhao}, {Yi}},
	year = {2009},
	month = {06},
	date = {2009-06-26},
	journal = {BMC Systems Biology},
	pages = {65},
	volume = {3},
	doi = {10.1186/1752-0509-3-65},
	url = {http://dx.doi.org/10.1186/1752-0509-3-65},
	note = {PMID: 19558649
PMCID: PMC2714305}
}

@article{chan2021,
	title = {tRNAscan-SE 2.0: improved detection and functional classification of transfer RNA genes},
	author = {{Chan}, {Patricia P} and {Lin}, {Brian Y} and {Mak}, {Allysia J} and {Lowe}, {Todd M}},
	year = {2021},
	month = {08},
	date = {2021-08-20},
	journal = {Nucleic Acids Research},
	pages = {9077--9096},
	volume = {49},
	number = {16},
	doi = {10.1093/nar/gkab688},
	url = {http://dx.doi.org/10.1093/nar/gkab688},
	langid = {en}
}

@article{gm2018,
	title = {tRNAdbImport},
	author = {{GM}, {Felix}},
	year = {2018},
	date = {2018},
	doi = {10.18129/B9.BIOC.TRNADBIMPORT},
	url = {https://bioconductor.org/packages/tRNAdbImport}
}

@article{brennecke2007,
	title = {Discrete small RNA-generating loci as master regulators of transposon activity in Drosophila.},
	author = {{Brennecke}, {Julius} and {Aravin}, {Alexei A} and {Stark}, {Alexander} and {Dus}, {Monica} and {Kellis}, {Manolis} and {Sachidanandam}, {Ravi} and {Hannon}, {Gregory J}},
	year = {2007},
	month = {03},
	date = {2007-03-23},
	journal = {Cell},
	pages = {1089--1103},
	volume = {128},
	number = {6},
	doi = {10.1016/j.cell.2007.01.043},
	url = {http://dx.doi.org/10.1016/j.cell.2007.01.043},
	note = {PMID: 17346786}
}

@article{huang2021,
	title = {treeclimbR pinpoints the data-dependent resolution of hierarchical hypotheses},
	author = {{Huang}, {Ruizhu} and {Soneson}, {Charlotte} and {Germain}, {Pierre-Luc} and {Schmidt}, {Thomas S.B.} and {Mering}, {Christian Von} and {Robinson}, {Mark D.}},
	year = {2021},
	month = {05},
	date = {2021-05-17},
	journal = {Genome Biology},
	volume = {22},
	number = {1},
	doi = {10.1186/s13059-021-02368-1},
	url = {http://dx.doi.org/10.1186/s13059-021-02368-1},
	langid = {en}
}

@article{gapp2021,
	title = {Single paternal dexamethasone challenge programs offspring metabolism and reveals multiple candidates in RNA-mediated inheritance.},
	author = {{Gapp}, {Katharina} and {Parada}, {Guillermo E} and {Gross}, {Fridolin} and {Corcoba}, {Alberto} and {Kaur}, {Jasmine} and {Grau}, {Evelyn} and {Hemberg}, {Martin} and {Bohacek}, {Johannes} and {Miska}, {Eric A}},
	year = {2021},
	month = {08},
	date = {2021-08-20},
	journal = {iScience},
	pages = {102870},
	volume = {24},
	number = {8},
	doi = {10.1016/j.isci.2021.102870},
	url = {http://dx.doi.org/10.1016/j.isci.2021.102870},
	note = {PMID: 34386731
PMCID: PMC8346661}
}

@article{donati2019,
	title = {Human Circulating miRNAs Real-time qRT-PCR-based Analysis: An Overview of Endogenous Reference Genes Used for Data Normalization.},
	author = {{Donati}, {Simone} and {Ciuffi}, {Simone} and {Brandi}, {Maria L}},
	year = {2019},
	month = {09},
	date = {2019-09-05},
	journal = {International Journal of Molecular Sciences},
	volume = {20},
	number = {18},
	doi = {10.3390/ijms20184353},
	url = {http://dx.doi.org/10.3390/ijms20184353},
	note = {PMID: 31491899
PMCID: PMC6769746}
}

@article{benz2013,
	title = {U6 is unsuitable for normalization of serum miRNA levels in patients with sepsis or liver fibrosis.},
	author = {{Benz}, {Fabian} and {Roderburg}, {Christoph} and {Vargas Cardenas}, {David} and {Vucur}, {Mihael} and {Gautheron}, {Jérémie} and {Koch}, {Alexander} and {Zimmermann}, {Henning} and {Janssen}, {Jörn} and {Nieuwenhuijsen}, {Lukas} and {Luedde}, {Mark} and {Frey}, {Norbert} and {Tacke}, {Frank} and {Trautwein}, {Christian} and {Luedde}, {Tom}},
	year = {2013},
	month = {09},
	date = {2013-09-20},
	journal = {Experimental & Molecular Medicine},
	pages = {e42},
	volume = {45},
	doi = {10.1038/emm.2013.81},
	url = {http://dx.doi.org/10.1038/emm.2013.81},
	note = {PMID: 24052167
PMCID: PMC3789266}
}

@article{altschul1990,
	title = {Basic local alignment search tool},
	author = {{Altschul}, {Stephen F.} and {Gish}, {Warren} and {Miller}, {Webb} and {Myers}, {Eugene W.} and {Lipman}, {David J.}},
	year = {1990},
	month = {10},
	date = {1990-10},
	journal = {Journal of Molecular Biology},
	pages = {403--410},
	volume = {215},
	number = {3},
	doi = {10.1016/s0022-2836(05)80360-2},
	url = {http://dx.doi.org/10.1016/S0022-2836(05)80360-2},
	langid = {en}
}

@article{johnson2016,
	title = {Improved Placement of Multi-mapping Small RNAs.},
	author = {{Johnson}, {Nathan R} and {Yeoh}, {Jonathan M} and {Coruh}, {Ceyda} and {Axtell}, {Michael J}},
	year = {2016},
	month = {07},
	date = {2016-07-07},
	journal = {G3 (Bethesda, Md.)},
	pages = {2103--2111},
	volume = {6},
	number = {7},
	doi = {10.1534/g3.116.030452},
	url = {http://dx.doi.org/10.1534/g3.116.030452},
	note = {PMID: 27175019
PMCID: PMC4938663}
}

@article{handzlik2020,
	title = {Manatee: detection and quantification of small non-coding RNAs from next-generation sequencing data.},
	author = {{Handzlik}, {Joanna E} and {Tastsoglou}, {Spyros} and {Vlachos}, {Ioannis S} and {Hatzigeorgiou}, {Artemis G}},
	year = {2020},
	month = {01},
	date = {2020-01-20},
	journal = {Scientific Reports},
	pages = {705},
	volume = {10},
	number = {1},
	doi = {10.1038/s41598-020-57495-9},
	url = {http://dx.doi.org/10.1038/s41598-020-57495-9},
	note = {PMID: 31959833
PMCID: PMC6971259}
}

@article{lorenap2017,
	title = {isomiRs},
	author = {{Lorena Pantano [Aut, Cre], Georgia Escaramis [Aut], ChristosArgyropoulos [Aut]}},
	year = {2017},
	date = {2017},
	doi = {10.18129/B9.BIOC.ISOMIRS},
	url = {https://bioconductor.org/packages/isomiRs}
}

@article{lorenapantanoautcregeorgiaescaramisautchristosargyropoulosaut2017,
	title = {isomiRs},
	author = {{Lorena Pantano [Aut, Cre], Georgia Escaramis [Aut], ChristosArgyropoulos [Aut]}},
	year = {2017},
	date = {2017},
	doi = {10.18129/B9.BIOC.ISOMIRS},
	url = {https://bioconductor.org/packages/isomiRs}
}

@article{pisco2016,
	title = {Conceptual Confusion: the case of Epigenetics},
	author = {{Pisco}, {Angela Oliveira} and {Fouquier d'Herouel}, {Aymeric} and {Huang}, {Sui}},
	year = {2016},
	month = {05},
	date = {2016-05-12},
	journal = {BioRxiv},
	doi = {10.1101/053009},
	url = {http://biorxiv.org/lookup/doi/10.1101/053009}
}

@inbook{susiarjo2016,
	title = {Introduction to epigenetic mechanisms},
	author = {{Susiarjo}, {Martha}},
	year = {2016},
	date = {2016},
	publisher = {Elsevier},
	pages = {49--62},
	doi = {10.1016/B978-0-12-801383-0.00004-9},
	url = {http://linkinghub.elsevier.com/retrieve/pii/B9780128013830000049},
	note = {DOI: 10.1016/B978-0-12-801383-0.00004-9}
}

@article{kolasa2012,
	title = {The generation of spermatogonial stem cells and spermatogonia in mammals.},
	author = {{Kolasa}, {Agnieszka} and {Misiakiewicz}, {Kamila} and {Marchlewicz}, {Mariola} and {Wiszniewska}, {Barbara}},
	year = {2012},
	month = {03},
	date = {2012-03},
	journal = {Reproductive biology},
	pages = {5--23},
	volume = {12},
	number = {1},
	doi = {10.1016/S1642-431X(12)60074-6},
	url = {http://dx.doi.org/10.1016/S1642-431X(12)60074-6},
	note = {PMID: 22472937}
}

@article{mutoji2016,
	title = {TSPAN8 expression distinguishes spermatogonial stem cells in the prepubertal mouse testis.},
	author = {{Mutoji}, {Kazadi} and {Singh}, {Anukriti} and {Nguyen}, {Thu} and {Gildersleeve}, {Heidi} and {Kaucher}, {Amy V} and {Oatley}, {Melissa J} and {Oatley}, {Jon M} and {Velte}, {Ellen K} and {Geyer}, {Christopher B} and {Cheng}, {Keren} and {McCarrey}, {John R} and {Hermann}, {Brian P}},
	year = {2016},
	month = {12},
	date = {2016-12},
	journal = {Biology of Reproduction},
	pages = {117},
	volume = {95},
	number = {6},
	doi = {10.1095/biolreprod.116.144220},
	url = {http://dx.doi.org/10.1095/biolreprod.116.144220},
	note = {PMID: 27733379
PMCID: PMC5315423}
}

@article{reik2001,
	title = {Epigenetic Reprogramming in Mammalian Development},
	author = {{Reik}, {Wolf} and {Dean}, {Wendy} and {Walter}, {Jo\"rn}},
	year = {2001},
	month = {08},
	date = {2001-08-10},
	journal = {Science},
	pages = {1089--1093},
	volume = {293},
	number = {5532},
	doi = {10.1126/science.1063443},
	url = {http://dx.doi.org/10.1126/science.1063443},
	langid = {en}
}

@article{canovas2016,
	title = {Epigenetics in preimplantation mammalian development},
	author = {{Canovas}, {Sebastian} and {Ross}, {Pablo Juan}},
	year = {2016},
	month = {07},
	date = {2016-07},
	journal = {Theriogenology},
	pages = {69--79},
	volume = {86},
	number = {1},
	doi = {10.1016/j.theriogenology.2016.04.020},
	url = {http://dx.doi.org/10.1016/j.theriogenology.2016.04.020},
	langid = {en}
}

@article{surani2007,
	title = {Genetic and epigenetic regulators of pluripotency.},
	author = {{Surani}, {M Azim} and {Hayashi}, {Katsuhiko} and {Hajkova}, {Petra}},
	year = {2007},
	month = {02},
	date = {2007-02-23},
	journal = {Cell},
	pages = {747--762},
	volume = {128},
	number = {4},
	doi = {10.1016/j.cell.2007.02.010},
	url = {http://dx.doi.org/10.1016/j.cell.2007.02.010},
	note = {PMID: 17320511}
}

@article{smallwood2012,
	title = {De novo DNA methylation: a germ cell perspective},
	author = {{Smallwood}, {Sébastien A.} and {Kelsey}, {Gavin}},
	year = {2012},
	month = {01},
	date = {2012-01},
	journal = {Trends in Genetics},
	pages = {33--42},
	volume = {28},
	number = {1},
	doi = {10.1016/j.tig.2011.09.004},
	url = {http://dx.doi.org/10.1016/j.tig.2011.09.004},
	langid = {en}
}

@article{darwin1871,
	title = {Pangenesis},
	author = {{Darwin}, {CHARLES}},
	year = {1871},
	month = {04},
	date = {1871-04-27},
	journal = {Nature},
	pages = {502--503},
	volume = {3},
	number = {78},
	doi = {10.1038/003502a0},
	url = {http://www.nature.com/doifinder/10.1038/003502a0}
}

@book{weismann1893,
	title = {The Germ-plasm: a theory of heredity. Translated by W. Newton Parker and Harriet Rönnfeldt.},
	author = {{Weismann}, {August}},
	year = {1893},
	date = {1893},
	publisher = {Scribner},
	doi = {10.5962/bhl.title.25196},
	url = {http://www.biodiversitylibrary.org/bibliography/25196},
	note = {DOI: 10.5962/bhl.title.25196},
	address = {New York}
}

@article{vansteenwyk2020,
	title = {Involvement of circulating factors in the transmission of paternal experiences through the germline.},
	author = {{van Steenwyk}, {Gretchen} and {Gapp}, {Katharina} and {Jawaid}, {Ali} and {Germain}, {Pierre-Luc} and {Manuella}, {Francesca} and {Tanwar}, {Deepak K} and {Zamboni}, {Nicola} and {Gaur}, {Niharika} and {Efimova}, {Anastasiia} and {Thumfart}, {Kristina M} and {Miska}, {Eric A} and {Mansuy}, {Isabelle M}},
	year = {2020},
	month = {12},
	date = {2020-12-01},
	journal = {The EMBO Journal},
	pages = {e104579},
	volume = {39},
	number = {23},
	doi = {10.15252/embj.2020104579},
	url = {https://onlinelibrary.wiley.com/doi/10.15252/embj.2020104579},
	note = {PMID: 33034389
PMCID: PMC7705452}
}

@article{alshanbayeva2021,
	title = {Early life stress affects the miRNA cargo of epididymal extracellular vesicles in mouse{\textdagger}.},
	author = {{Alshanbayeva}, {Anar} and {Tanwar}, {Deepak K} and {Roszkowski}, {Martin} and {Manuella}, {Francesca} and {Mansuy}, {Isabelle M}},
	year = {2021},
	month = {09},
	date = {2021-09-14},
	journal = {Biology of Reproduction},
	pages = {593{\textendash}602},
	volume = {105},
	number = {3},
	doi = {10.1093/biolre/ioab156},
	url = {http://dx.doi.org/10.1093/biolre/ioab156},
	note = {PMID: 34426825}
}

@article{casas2020,
	title = {Mechanisms of epigenetic inheritance of variable traits through the germline.},
	author = {{Casas}, {Eduard} and {Vavouri}, {Tanya}},
	year = {2020},
	month = {06},
	date = {2020-06},
	journal = {Reproduction},
	pages = {R251--R263},
	volume = {159},
	number = {6},
	doi = {10.1530/REP-19-0340},
	url = {http://dx.doi.org/10.1530/REP-19-0340},
	note = {PMID: 32302967}
}

@article{kremsky2020,
	title = {Protection from DNA re-methylation by transcription factors in primordial germ cells and pre-implantation embryos can explain trans-generational epigenetic inheritance.},
	author = {{Kremsky}, {Isaac} and {Corces}, {Victor G}},
	year = {2020},
	month = {05},
	date = {2020-05-18},
	journal = {Genome Biology},
	pages = {118},
	volume = {21},
	number = {1},
	doi = {10.1186/s13059-020-02036-w},
	url = {http://dx.doi.org/10.1186/s13059-020-02036-w},
	note = {PMID: 32423419
PMCID: PMC7236515}
}

@article{jawaid2021,
	title = {Impact of parental exposure on offspring health in humans.},
	author = {{Jawaid}, {Ali} and {Jehle}, {Katherina-Lynn} and {Mansuy}, {Isabelle M}},
	year = {2021},
	month = {04},
	date = {2021-04},
	journal = {Trends in Genetics},
	pages = {373--388},
	volume = {37},
	number = {4},
	doi = {10.1016/j.tig.2020.10.006},
	url = {http://dx.doi.org/10.1016/j.tig.2020.10.006},
	note = {PMID: 33189388}
}

@article{gapp2018,
	title = {Epigenetic germline inheritance in mammals: looking to the past to understand the future.},
	author = {{Gapp}, {K} and {Bohacek}, {J}},
	year = {2018},
	month = {03},
	date = {2018-03},
	journal = {Genes, Brain, and Behavior},
	pages = {e12407},
	volume = {17},
	number = {3},
	doi = {10.1111/gbb.12407},
	url = {http://dx.doi.org/10.1111/gbb.12407},
	note = {PMID: 28782190}
}

@article{siklenka2015,
	title = {Disruption of histone methylation in developing sperm impairs offspring health transgenerationally.},
	author = {{Siklenka}, {Keith} and {Erkek}, {Serap} and {Godmann}, {Maren} and {Lambrot}, {Romain} and {McGraw}, {Serge} and {Lafleur}, {Christine} and {Cohen}, {Tamara} and {Xia}, {Jianguo} and {Suderman}, {Matthew} and {Hallett}, {Michael} and {Trasler}, {Jacquetta} and {Peters}, {Antoine H F M} and {Kimmins}, {Sarah}},
	year = {2015},
	month = {11},
	date = {2015-11-06},
	journal = {Science},
	pages = {aab2006},
	volume = {350},
	number = {6261},
	doi = {10.1126/science.aab2006},
	url = {http://dx.doi.org/10.1126/science.aab2006},
	note = {PMID: 26449473}
}

@article{jawaid2019,
	title = {Inter- and transgenerational inheritance of behavioral phenotypes},
	author = {{Jawaid}, {Ali} and {Mansuy}, {Isabelle M}},
	year = {2019},
	month = {02},
	date = {2019-02},
	journal = {Current Opinion in Behavioral Sciences},
	pages = {96--101},
	volume = {25},
	doi = {10.1016/j.cobeha.2018.12.004},
	url = {https://linkinghub.elsevier.com/retrieve/pii/S2352154618300871}
}

@article{rando2016,
	title = {Intergenerational transfer of epigenetic information in sperm.},
	author = {{Rando}, {Oliver J}},
	year = {2016},
	month = {05},
	date = {2016-05-02},
	journal = {Cold Spring Harbor perspectives in medicine},
	volume = {6},
	number = {5},
	doi = {10.1101/cshperspect.a022988},
	url = {http://dx.doi.org/10.1101/cshperspect.a022988},
	note = {PMID: 26801897
PMCID: PMC4852801}
}

@article{bohacek2015,
	title = {Molecular insights into transgenerational non-genetic inheritance of acquired behaviours.},
	author = {{Bohacek}, {Johannes} and {Mansuy}, {Isabelle M}},
	year = {2015},
	month = {11},
	date = {2015-11},
	journal = {Nature Reviews. Genetics},
	pages = {641--652},
	volume = {16},
	number = {11},
	doi = {10.1038/nrg3964},
	url = {http://dx.doi.org/10.1038/nrg3964},
	note = {PMID: 26416311}
}

@article{hanson2016,
	title = {Developmental origins of epigenetic transgenerational inheritance.},
	author = {{Hanson}, {Mark A} and {Skinner}, {Michael K}},
	year = {2016},
	month = {03},
	date = {2016-03-06},
	journal = {Environmental epigenetics},
	volume = {2},
	number = {1},
	doi = {10.1093/eep/dvw002},
	url = {http://dx.doi.org/10.1093/eep/dvw002},
	note = {PMID: 27390622
PMCID: PMC4933018}
}

@inbook{mao2017,
	title = {Mouse models of epigenetic inheritance: classification, mechanisms, and experimental strategies},
	author = {{Mao}, {Shaoshuai} and {Li}, {Yongqin} and {Liu}, {Bo} and {Chi}, {Tian}},
	year = {2017},
	date = {2017},
	publisher = {Elsevier},
	pages = {231--243},
	doi = {10.1016/B978-0-12-805388-1.00015-8},
	url = {https://linkinghub.elsevier.com/retrieve/pii/B9780128053881000158},
	note = {DOI: 10.1016/B978-0-12-805388-1.00015-8}
}

@article{nagy2015,
	title = {Transgenerational epigenetic inheritance: an open discussion.},
	author = {{Nagy}, {Corina} and {Turecki}, {Gustavo}},
	year = {2015},
	month = {08},
	date = {2015-08},
	journal = {Epigenomics},
	pages = {781--790},
	volume = {7},
	number = {5},
	doi = {10.2217/epi.15.46},
	url = {http://dx.doi.org/10.2217/epi.15.46},
	note = {PMID: 26344807}
}

@article{heard2014,
	title = {Transgenerational epigenetic inheritance: myths and mechanisms.},
	author = {{Heard}, {Edith} and {Martienssen}, {Robert A}},
	year = {2014},
	month = {03},
	date = {2014-03-27},
	journal = {Cell},
	pages = {95--109},
	volume = {157},
	number = {1},
	doi = {10.1016/j.cell.2014.02.045},
	url = {http://dx.doi.org/10.1016/j.cell.2014.02.045},
	note = {PMID: 24679529
PMCID: PMC4020004}
}

@article{schaefer2015,
	title = {The genetics of epigenetic inheritance: modes, molecules, and mechanisms.},
	author = {{Schaefer}, {Sabine} and {Nadeau}, {Joseph H}},
	year = {2015},
	month = {12},
	date = {2015-12},
	journal = {The Quarterly Review of Biology},
	pages = {381--415},
	volume = {90},
	number = {4},
	doi = {10.1086/683699},
	url = {http://dx.doi.org/10.1086/683699},
	note = {PMID: 26714351}
}

@article{vansteenwyk2018,
	title = {Transgenerational inheritance of behavioral and metabolic effects of paternal exposure to traumatic stress in early postnatal life: evidence in the 4th generation.},
	author = {{van Steenwyk}, {Gretchen} and {Roszkowski}, {Martin} and {Manuella}, {Francesca} and {Franklin}, {Tamara B} and {Mansuy}, {Isabelle M}},
	year = {2018},
	month = {04},
	date = {2018-04},
	journal = {Environmental epigenetics},
	pages = {dvy023},
	volume = {4},
	number = {2},
	doi = {10.1093/eep/dvy023},
	url = {http://dx.doi.org/10.1093/eep/dvy023},
	note = {PMID: 30349741
PMCID: PMC6190267}
}

@article{bird2002,
	title = {DNA methylation patterns and epigenetic memory.},
	author = {{Bird}, {Adrian}},
	year = {2002},
	month = {01},
	date = {2002-01-01},
	journal = {Genes & Development},
	pages = {6--21},
	volume = {16},
	number = {1},
	doi = {10.1101/gad.947102},
	url = {http://dx.doi.org/10.1101/gad.947102},
	note = {PMID: 11782440}
}

@article{luo2018,
	title = {Dynamic DNA methylation: In the right place at the right time.},
	author = {{Luo}, {Chongyuan} and {Hajkova}, {Petra} and {Ecker}, {Joseph R}},
	year = {2018},
	month = {09},
	date = {2018-09-28},
	journal = {Science},
	pages = {1336--1340},
	volume = {361},
	number = {6409},
	doi = {10.1126/science.aat6806},
	url = {http://dx.doi.org/10.1126/science.aat6806},
	note = {PMID: 30262495
PMCID: PMC6197482}
}

@article{chen2011,
	title = {DNA methylation and demethylation in mammals.},
	author = {{Chen}, {Zhao-xia} and {Riggs}, {Arthur D}},
	year = {2011},
	month = {05},
	date = {2011-05-27},
	journal = {The Journal of Biological Chemistry},
	pages = {18347--18353},
	volume = {286},
	number = {21},
	doi = {10.1074/jbc.R110.205286},
	url = {http://dx.doi.org/10.1074/jbc.R110.205286},
	note = {PMID: 21454628
PMCID: PMC3099650}
}

@article{smith2013,
	title = {DNA methylation: roles in mammalian development.},
	author = {{Smith}, {Zachary D} and {Meissner}, {Alexander}},
	year = {2013},
	month = {03},
	date = {2013-03},
	journal = {Nature Reviews. Genetics},
	pages = {204--220},
	volume = {14},
	number = {3},
	doi = {10.1038/nrg3354},
	url = {http://dx.doi.org/10.1038/nrg3354},
	note = {PMID: 23400093}
}

@article{deaton2011,
	title = {CpG islands and the regulation of transcription.},
	author = {{Deaton}, {Aimée M} and {Bird}, {Adrian}},
	year = {2011},
	month = {05},
	date = {2011-05-15},
	journal = {Genes & Development},
	pages = {1010--1022},
	volume = {25},
	number = {10},
	doi = {10.1101/gad.2037511},
	url = {http://dx.doi.org/10.1101/gad.2037511},
	note = {PMID: 21576262
PMCID: PMC3093116}
}

@article{zhu2016a,
	title = {Transcription factors as readers and effectors of DNA methylation},
	author = {{Zhu}, {Heng} and {Wang}, {Guohua} and {Qian}, {Jiang}},
	year = {2016},
	month = {08},
	date = {2016-08-01},
	journal = {Nature Reviews Genetics},
	pages = {551--565},
	volume = {17},
	number = {9},
	doi = {10.1038/nrg.2016.83},
	url = {http://dx.doi.org/10.1038/nrg.2016.83},
	langid = {en}
}

@article{marmorstein2009,
	title = {Histone modifying enzymes: structures, mechanisms, and specificities.},
	author = {{Marmorstein}, {Ronen} and {Trievel}, {Raymond C}},
	year = {2009},
	month = {01},
	date = {2009-01},
	journal = {Biochimica et Biophysica Acta},
	pages = {58--68},
	volume = {1789},
	number = {1},
	doi = {10.1016/j.bbagrm.2008.07.009},
	url = {http://dx.doi.org/10.1016/j.bbagrm.2008.07.009},
	note = {PMID: 18722564
PMCID: PMC4059211}
}

@article{barth2010,
	title = {Fast signals and slow marks: the dynamics of histone modifications.},
	author = {{Barth}, {Teresa K} and {Imhof}, {Axel}},
	year = {2010},
	month = {11},
	date = {2010-11},
	journal = {Trends in Biochemical Sciences},
	pages = {618--626},
	volume = {35},
	number = {11},
	doi = {10.1016/j.tibs.2010.05.006},
	url = {http://dx.doi.org/10.1016/j.tibs.2010.05.006},
	note = {PMID: 20685123}
}

@article{iwasaki2013,
	title = {Contribution of histone N-terminal tails to the structure and stability of nucleosomes.},
	author = {{Iwasaki}, {Wakana} and {Miya}, {Yuta} and {Horikoshi}, {Naoki} and {Osakabe}, {Akihisa} and {Taguchi}, {Hiroyuki} and {Tachiwana}, {Hiroaki} and {Shibata}, {Takehiko} and {Kagawa}, {Wataru} and {Kurumizaka}, {Hitoshi}},
	year = {2013},
	month = {08},
	date = {2013-08-22},
	journal = {FEBS open bio},
	pages = {363--369},
	volume = {3},
	doi = {10.1016/j.fob.2013.08.007},
	url = {http://dx.doi.org/10.1016/j.fob.2013.08.007},
	note = {PMID: 24251097
PMCID: PMC3821030}
}

@article{kouzarides2007,
	title = {Chromatin modifications and their function.},
	author = {{Kouzarides}, {Tony}},
	year = {2007},
	month = {02},
	date = {2007-02-23},
	journal = {Cell},
	pages = {693--705},
	volume = {128},
	number = {4},
	doi = {10.1016/j.cell.2007.02.005},
	url = {http://dx.doi.org/10.1016/j.cell.2007.02.005},
	note = {PMID: 17320507}
}

@article{vakoc2006,
	title = {Profile of histone lysine methylation across transcribed mammalian chromatin.},
	author = {{Vakoc}, {Christopher R} and {Sachdeva}, {Mira M} and {Wang}, {Hongxin} and {Blobel}, {Gerd A}},
	year = {2006},
	month = {12},
	date = {2006-12},
	journal = {Molecular and Cellular Biology},
	pages = {9185--9195},
	volume = {26},
	number = {24},
	doi = {10.1128/MCB.01529-06},
	url = {http://dx.doi.org/10.1128/MCB.01529-06},
	note = {PMID: 17030614
PMCID: PMC1698537}
}

@article{sims2006,
	title = {A trans-tail histone code defined by monomethylated H4 Lys-20 and H3 Lys-9 demarcates distinct regions of silent chromatin.},
	author = {{Sims}, {Jennifer K} and {Houston}, {Sabrina I} and {Magazinnik}, {Tanya} and {Rice}, {Judd C}},
	year = {2006},
	month = {05},
	date = {2006-05-05},
	journal = {The Journal of Biological Chemistry},
	pages = {12760--12766},
	volume = {281},
	number = {18},
	doi = {10.1074/jbc.M513462200},
	url = {http://dx.doi.org/10.1074/jbc.M513462200},
	note = {PMID: 16517599}
}

@article{lawrence2016,
	title = {Lateral thinking: how histone modifications regulate gene expression.},
	author = {{Lawrence}, {Moyra} and {Daujat}, {Sylvain} and {Schneider}, {Robert}},
	year = {2016},
	month = {01},
	date = {2016-01},
	journal = {Trends in Genetics},
	pages = {42--56},
	volume = {32},
	number = {1},
	doi = {10.1016/j.tig.2015.10.007},
	url = {http://dx.doi.org/10.1016/j.tig.2015.10.007},
	note = {PMID: 26704082}
}

@article{casas2014,
	title = {Sperm epigenomics: challenges and opportunities.},
	author = {{Casas}, {Eduard} and {Vavouri}, {Tanya}},
	year = {2014},
	month = {09},
	date = {2014-09-18},
	journal = {Frontiers in genetics},
	pages = {330},
	volume = {5},
	doi = {10.3389/fgene.2014.00330},
	url = {http://dx.doi.org/10.3389/fgene.2014.00330},
	note = {PMID: 25278962
PMCID: PMC4166955}
}

@article{brunner2014,
	title = {Epigenetic marking of sperm by post-translational modification of histones and protamines.},
	author = {{Brunner}, {Andrea M} and {Nanni}, {Paolo} and {Mansuy}, {Isabelle M}},
	year = {2014},
	month = {01},
	date = {2014-01-20},
	journal = {Epigenetics & Chromatin},
	pages = {2},
	volume = {7},
	number = {1},
	doi = {10.1186/1756-8935-7-2},
	url = {http://dx.doi.org/10.1186/1756-8935-7-2},
	note = {PMID: 24443974
PMCID: PMC3904194}
}

@article{huang2013,
	title = {Epigenetic inheritance mediated by histone lysine methylation: maintaining transcriptional states without the precise restoration of marks?},
	author = {{Huang}, {Chang} and {Xu}, {Mo} and {Zhu}, {Bing}},
	year = {2013},
	month = {01},
	date = {2013-01-05},
	journal = {Philosophical Transactions of the Royal Society of London. Series B, Biological Sciences},
	pages = {20110332},
	volume = {368},
	number = {1609},
	doi = {10.1098/rstb.2011.0332},
	url = {http://dx.doi.org/10.1098/rstb.2011.0332},
	note = {PMID: 23166395
PMCID: PMC3539360}
}

@article{saxton2019,
	title = {Epigenetic memory independent of symmetric histone inheritance.},
	author = {{Saxton}, {Daniel S} and {Rine}, {Jasper}},
	year = {2019},
	month = {10},
	date = {2019-10-15},
	journal = {eLife},
	volume = {8},
	doi = {10.7554/eLife.51421},
	url = {https://elifesciences.org/articles/51421},
	note = {PMID: 31613222
PMCID: PMC6850775}
}

@article{sullivan2016,
	title = {Epididymosomes Role of extracellular microvesicles in sperm maturation},
	author = {{Sullivan}, {Robert}},
	year = {2016},
	date = {2016},
	journal = {Frontiers in Bioscience},
	pages = {106--114},
	volume = {8},
	number = {1},
	doi = {10.2741/s450},
	url = {http://dx.doi.org/10.2741/s450},
	langid = {en}
}

@article{andersson2014,
	title = {An atlas of active enhancers across human cell types and tissues.},
	author = {{Andersson}, {Robin} and {Gebhard}, {Claudia} and {Miguel-Escalada}, {Irene} and {Hoof}, {Ilka} and {Bornholdt}, {Jette} and {Boyd}, {Mette} and {Chen}, {Yun} and {Zhao}, {Xiaobei} and {Schmidl}, {Christian} and {Suzuki}, {Takahiro} and {Ntini}, {Evgenia} and {Arner}, {Erik} and {Valen}, {Eivind} and {Li}, {Kang} and {Schwarzfischer}, {Lucia} and {Glatz}, {Dagmar} and {Raithel}, {Johanna} and {Lilje}, {Berit} and {Rapin}, {Nicolas} and {Bagger}, {Frederik Otzen} and {Jørgensen}, {Mette} and {Andersen}, {Peter Refsing} and {Bertin}, {Nicolas} and {Rackham}, {Owen} and {Burroughs}, {A Maxwell} and {Baillie}, {J Kenneth} and {Ishizu}, {Yuri} and {Shimizu}, {Yuri} and {Furuhata}, {Erina} and {Maeda}, {Shiori} and {Negishi}, {Yutaka} and {Mungall}, {Christopher J} and {Meehan}, {Terrence F} and {Lassmann}, {Timo} and {Itoh}, {Masayoshi} and {Kawaji}, {Hideya} and {Kondo}, {Naoto} and {Kawai}, {Jun} and {Lennartsson}, {Andreas} and {Daub}, {Carsten O} and {Heutink}, {Peter} and {Hume}, {David A} and {Jensen}, {Torben Heick} and {Suzuki}, {Harukazu} and {Hayashizaki}, {Yoshihide} and {Müller}, {Ferenc} and {Forrest}, {Alistair R R} and {Carninci}, {Piero} and {Rehli}, {Michael} and {Sandelin}, {Albin}},
	year = {2014},
	month = {03},
	date = {2014-03-27},
	journal = {Nature},
	pages = {455--461},
	volume = {507},
	number = {7493},
	doi = {10.1038/nature12787},
	url = {http://dx.doi.org/10.1038/nature12787},
	note = {PMID: 24670763
PMCID: PMC5215096}
}

@article{li2012,
	title = {Extensive terminal and asymmetric processing of small RNAs from rRNAs, snoRNAs, snRNAs, and tRNAs},
	author = {{Li}, {Zhihua} and {Ender}, {Christine} and {Meister}, {Gunter} and {Moore}, {Patrick S.} and {Chang}, {Yuan} and {John}, {Bino}},
	year = {2012},
	month = {04},
	date = {2012-04-09},
	journal = {Nucleic Acids Research},
	pages = {6787--6799},
	volume = {40},
	number = {14},
	doi = {10.1093/nar/gks307},
	url = {http://dx.doi.org/10.1093/nar/gks307},
	langid = {en}
}

@article{bouckenheimer2018,
	title = {Differential long non-coding RNA expression profiles in human oocytes and cumulus cells},
	author = {{Bouckenheimer}, {Julien} and {Fauque}, {Patricia} and {Lecellier}, {Charles-Henri} and {Bruno}, {Céline} and {Commes}, {Thérèse} and {Lemaître}, {Jean-Marc} and {De Vos}, {John} and {Assou}, {Said}},
	year = {2018},
	month = {02},
	date = {2018-02-02},
	journal = {Scientific Reports},
	volume = {8},
	number = {1},
	doi = {10.1038/s41598-018-20727-0},
	url = {http://dx.doi.org/10.1038/s41598-018-20727-0},
	langid = {en}
}

@article{veselovska2015,
	title = {Deep sequencing and de novo assembly of the mouse oocyte transcriptome define the contribution of transcription to the DNA methylation landscape.},
	author = {{Veselovska}, {Lenka} and {Smallwood}, {Sebastien A} and {Saadeh}, {Heba} and {Stewart}, {Kathleen R} and {Krueger}, {Felix} and {Maupetit-Méhouas}, {Stéphanie} and {Arnaud}, {Philippe} and {Tomizawa}, {Shin-Ichi} and {Andrews}, {Simon} and {Kelsey}, {Gavin}},
	year = {2015},
	month = {09},
	date = {2015-09-25},
	journal = {Genome Biology},
	pages = {209},
	volume = {16},
	doi = {10.1186/s13059-015-0769-z},
	url = {http://dx.doi.org/10.1186/s13059-015-0769-z},
	note = {PMID: 26408185
PMCID: PMC4582738}
}

@article{robles2019,
	title = {Non-coding RNA regulation in reproduction: Their potential use as biomarkers.},
	author = {{Robles}, {Vanesa} and {Valcarce}, {David G} and {Riesco}, {Marta F}},
	year = {2019},
	month = {06},
	date = {2019-06},
	journal = {Non-coding RNA research},
	pages = {54--62},
	volume = {4},
	number = {2},
	doi = {10.1016/j.ncrna.2019.04.001},
	url = {http://dx.doi.org/10.1016/j.ncrna.2019.04.001},
	note = {PMID: 31193491
PMCID: PMC6531869}
}

@article{jones2001,
	title = {The role of DNA methylation in mammalian epigenetics.},
	author = {{Jones}, {P A} and {Takai}, {D}},
	year = {2001},
	month = {08},
	date = {2001-08-10},
	journal = {Science},
	pages = {1068--1070},
	volume = {293},
	number = {5532},
	doi = {10.1126/science.1063852},
	url = {http://dx.doi.org/10.1126/science.1063852},
	note = {PMID: 11498573}
}

@article{jung2019,
	title = {Maintenance of CTCF- and Transcription Factor-Mediated Interactions from the Gametes to the Early Mouse Embryo.},
	author = {{Jung}, {Yoon Hee} and {Kremsky}, {Isaac} and {Gold}, {Hannah B} and {Rowley}, {M Jordan} and {Punyawai}, {Kanchana} and {Buonanotte}, {Alyx} and {Lyu}, {Xiaowen} and {Bixler}, {Brianna J} and {Chan}, {Anthony W S} and {Corces}, {Victor G}},
	year = {2019},
	month = {07},
	date = {2019-07-11},
	journal = {Molecular Cell},
	pages = {154--171.e5},
	volume = {75},
	number = {1},
	doi = {10.1016/j.molcel.2019.04.014},
	url = {https://linkinghub.elsevier.com/retrieve/pii/S1097276519302849},
	note = {PMID: 31056445
PMCID: PMC6625867}
}

@article{jung2020,
	title = {Transgenerational inheritance of BPA-induced obesity correlates with transmission of new CTCF sites in the Fto gene},
	author = {{Jung}, {Yoon Hee} and {Bixler}, {Brianna J} and {Ruiz}, {Daniel} and {Wang}, {Hsiao-Lin V} and {Linsenbaum}, {Hannah} and {Xiang}, {Jian-Feng} and {Shafik}, {Andrew M} and {Jin}, {Peng} and {Corces}, {Victor G}},
	year = {2020},
	month = {11},
	date = {2020-11-20},
	journal = {BioRxiv},
	doi = {10.1101/2020.11.20.391672},
	url = {http://biorxiv.org/lookup/doi/10.1101/2020.11.20.391672}
}

@article{bonsergent2021,
	title = {Quantitative characterization of extracellular vesicle uptake and content delivery within mammalian cells.},
	author = {{Bonsergent}, {Emeline} and {Grisard}, {Eleonora} and {Buchrieser}, {Julian} and {Schwartz}, {Olivier} and {Théry}, {Clotilde} and {Lavieu}, {Grégory}},
	year = {2021},
	month = {03},
	date = {2021-03-25},
	journal = {Nature Communications},
	pages = {1864},
	volume = {12},
	number = {1},
	doi = {10.1038/s41467-021-22126-y},
	url = {http://dx.doi.org/10.1038/s41467-021-22126-y},
	note = {PMID: 33767144
PMCID: PMC7994380}
}

@article{locicero2015,
	title = {Extracellular vesicles shuffling intercellular messages: for good or for bad.},
	author = {{Lo Cicero}, {Alessandra} and {Stahl}, {Philip D} and {Raposo}, {Graça}},
	year = {2015},
	month = {08},
	date = {2015-08},
	journal = {Current Opinion in Cell Biology},
	pages = {69--77},
	volume = {35},
	doi = {10.1016/j.ceb.2015.04.013},
	url = {http://dx.doi.org/10.1016/j.ceb.2015.04.013},
	note = {PMID: 26001269}
}

@article{obrien2020,
	title = {RNA delivery by extracellular vesicles in mammalian cells and its applications.},
	author = {{O'Brien}, {Killian} and {Breyne}, {Koen} and {Ughetto}, {Stefano} and {Laurent}, {Louise C} and {Breakefield}, {Xandra O}},
	year = {2020},
	month = {10},
	date = {2020-10},
	journal = {Nature Reviews. Molecular Cell Biology},
	pages = {585--606},
	volume = {21},
	number = {10},
	doi = {10.1038/s41580-020-0251-y},
	url = {http://www.nature.com/articles/s41580-020-0251-y},
	note = {PMID: 32457507
PMCID: PMC7249041}
}

@article{abels2016,
	title = {Introduction to extracellular vesicles: biogenesis, RNA cargo selection, content, release, and uptake.},
	author = {{Abels}, {Erik R} and {Breakefield}, {Xandra O}},
	year = {2016},
	month = {04},
	date = {2016-04-06},
	journal = {Cellular and Molecular Neurobiology},
	pages = {301--312},
	volume = {36},
	number = {3},
	doi = {10.1007/s10571-016-0366-z},
	url = {http://dx.doi.org/10.1007/s10571-016-0366-z},
	note = {PMID: 27053351
PMCID: PMC5546313}
}

@article{rozowsky2019,
	title = {exceRpt: A Comprehensive Analytic Platform for Extracellular RNA Profiling.},
	author = {{Rozowsky}, {Joel} and {Kitchen}, {Robert R} and {Park}, {Jonathan J} and {Galeev}, {Timur R} and {Diao}, {James} and {Warrell}, {Jonathan} and {Thistlethwaite}, {William} and {Subramanian}, {Sai L} and {Milosavljevic}, {Aleksandar} and {Gerstein}, {Mark}},
	year = {2019},
	month = {04},
	date = {2019-04-24},
	journal = {Cell Systems},
	pages = {352{\textendash}357.e3},
	volume = {8},
	number = {4},
	doi = {10.1016/j.cels.2019.03.004},
	url = {http://dx.doi.org/10.1016/j.cels.2019.03.004},
	note = {PMID: 30956140
PMCID: PMC7079576}
}

@article{berest2019,
	title = {Quantification of Differential Transcription Factor Activity and Multiomics-Based Classification into Activators and Repressors: diffTF.},
	author = {{Berest}, {Ivan} and {Arnold}, {Christian} and {Reyes-Palomares}, {Armando} and {Palla}, {Giovanni} and {Rasmussen}, {Kasper Dindler} and {Giles}, {Holly} and {Bruch}, {Peter-Martin} and {Huber}, {Wolfgang} and {Dietrich}, {Sascha} and {Helin}, {Kristian} and {Zaugg}, {Judith B}},
	year = {2019},
	month = {12},
	date = {2019-12-03},
	journal = {Cell reports},
	pages = {3147--3159.e12},
	volume = {29},
	number = {10},
	doi = {10.1016/j.celrep.2019.10.106},
	url = {https://linkinghub.elsevier.com/retrieve/pii/S2211124719314391},
	note = {PMID: 31801079}
}

@article{huang2017,
	title = {More Is Better: Recent Progress in Multi-Omics Data Integration Methods.},
	author = {{Huang}, {Sijia} and {Chaudhary}, {Kumardeep} and {Garmire}, {Lana X}},
	year = {2017},
	month = {06},
	date = {2017-06-16},
	journal = {Frontiers in genetics},
	pages = {84},
	volume = {8},
	doi = {10.3389/fgene.2017.00084},
	url = {http://journal.frontiersin.org/article/10.3389/fgene.2017.00084/full},
	note = {PMID: 28670325
PMCID: PMC5472696}
}

@article{rohart2017,
	title = {mixOmics: An R package for 'omics feature selection and multiple data integration.},
	author = {{Rohart}, {Florian} and {Gautier}, {Benoît} and {Singh}, {Amrit} and {Lê Cao}, {Kim-Anh}},
	year = {2017},
	month = {11},
	date = {2017-11-03},
	journal = {PLoS Computational Biology},
	pages = {e1005752},
	volume = {13},
	number = {11},
	doi = {10.1371/journal.pcbi.1005752},
	url = {http://dx.doi.org/10.1371/journal.pcbi.1005752},
	note = {PMID: 29099853
PMCID: PMC5687754}
}

@article{tenenhaus2014,
	title = {Variable selection for generalized canonical correlation analysis.},
	author = {{Tenenhaus}, {Arthur} and {Philippe}, {Cathy} and {Guillemot}, {Vincent} and {Le Cao}, {Kim-Anh} and {Grill}, {Jacques} and {Frouin}, {Vincent}},
	year = {2014},
	month = {07},
	date = {2014-07},
	journal = {Biostatistics},
	pages = {569--583},
	volume = {15},
	number = {3},
	doi = {10.1093/biostatistics/kxu001},
	url = {http://dx.doi.org/10.1093/biostatistics/kxu001},
	note = {PMID: 24550197}
}

@article{argelaguet2018,
	title = {Multi-Omics Factor Analysis-a framework for unsupervised integration of multi-omics data sets.},
	author = {{Argelaguet}, {Ricard} and {Velten}, {Britta} and {Arnol}, {Damien} and {Dietrich}, {Sascha} and {Zenz}, {Thorsten} and {Marioni}, {John C} and {Buettner}, {Florian} and {Huber}, {Wolfgang} and {Stegle}, {Oliver}},
	year = {2018},
	month = {06},
	date = {2018-06-20},
	journal = {Molecular Systems Biology},
	pages = {e8124},
	volume = {14},
	number = {6},
	doi = {10.15252/msb.20178124},
	url = {http://msb.embopress.org/lookup/doi/10.15252/msb.20178124},
	note = {PMID: 29925568
PMCID: PMC6010767}
}

@article{argelaguet2020,
	title = {MOFA+: a statistical framework for comprehensive integration of multi-modal single-cell data.},
	author = {{Argelaguet}, {Ricard} and {Arnol}, {Damien} and {Bredikhin}, {Danila} and {Deloro}, {Yonatan} and {Velten}, {Britta} and {Marioni}, {John C} and {Stegle}, {Oliver}},
	year = {2020},
	month = {05},
	date = {2020-05-11},
	journal = {Genome Biology},
	pages = {111},
	volume = {21},
	number = {1},
	doi = {10.1186/s13059-020-02015-1},
	url = {https://genomebiology.biomedcentral.com/articles/10.1186/s13059-020-02015-1},
	note = {PMID: 32393329
PMCID: PMC7212577}
}

@article{lêcao2011,
	title = {Sparse PLS discriminant analysis: biologically relevant feature selection and graphical displays for multiclass problems},
	author = {{Lê Cao}, {Kim-Anh} and {Boitard}, {Simon} and {Besse}, {Philippe}},
	year = {2011},
	month = {06},
	date = {2011-06-22},
	journal = {BMC Bioinformatics},
	volume = {12},
	number = {1},
	doi = {10.1186/1471-2105-12-253},
	url = {http://dx.doi.org/10.1186/1471-2105-12-253},
	langid = {en}
}

@article{bruning2016,
	title = {Confounding Factors in the Transcriptome Analysis of an In-Vivo Exposure Experiment.},
	author = {{Bruning}, {Oskar} and {Rodenburg}, {Wendy} and {Wackers}, {Paul F K} and {van Oostrom}, {Conny} and {Jonker}, {Martijs J} and {Dekker}, {Rob J} and {Rauwerda}, {Han} and {Ensink}, {Wim A} and {de Vries}, {Annemieke} and {Breit}, {Timo M}},
	year = {2016},
	month = {01},
	date = {2016-01-20},
	journal = {Plos One},
	pages = {e0145252},
	volume = {11},
	number = {1},
	doi = {10.1371/journal.pone.0145252},
	url = {http://dx.doi.org/10.1371/journal.pone.0145252},
	note = {PMID: 26789003
PMCID: PMC4720430}
}

@article{waddington_1942,
  title = {The epigenotype},
  author = {Waddington, C H},
  year = {1942},
  urldate = {2021-11-11},
  journal = {Endeavour},
  volume = {1},
  number = {18}
}

@article{lazarcontes_2020,
title = {Transcriptome and epigenome characterization of mouse spermatogonial cells reveals distinct chromatin regulatory landscapes in postnatal and adult testis},
author = {Lazar-Contes, Irina and Tanwar, Deepak K. and Germain, Pierre-Luc and Gaur, Niharika and Mansuy, Isabelle M.},
url = {http://biorxiv.org/lookup/doi/10.1101/2020.08.20.259374},
year = {2020},
month = {aug},
day = {20},
urldate = {2020-11-17},
journal = {BioRxiv},
doi = {10.1101/2020.08.20.259374},
sciwheel-projects = {\SSC},
abstract = {In mammals, spermatogonial cells exit quiescence immediately after birth and initiate a life-long equilibrium between proliferation and differentiation for the production of spermatogenic cells and functional sperm. Although it is generally accepted that the transcriptome of spermatogonial cells is different in postnatal life and adulthood, it is not known if the genome landscape at the chromatin level is also different across age. We characterized the transcriptome and chromatin landscape of spermatogonial cells by {RNA}-seq and {ATAC}-seq using enriched populations at different postnatal stages and in adulthood, and established a comprehensive multiparametric profiling building on published epigenetic datasets. Our results validate previously described changes in gene expression between postnatal and adult stages, and reveal novel transcriptomic transitions. We show that extensive chromatin remodeling takes place in adult spermatogonial cells that is accompanied by distinct transcription factor dynamics and histone modifications. The data identify chromatin and transcription factor dynamics at common repeat elements in postnatal and adult spermatogonia. Overall, our results provide new knowledge about the transcriptional and epigenetic landscape of spermatogonial cells across postnatal stages until adulthood, and provide a valuable resource for germ cell studies.}
}

@article{zhao_2018,
title = {Evaluation of two main {RNA}-seq approaches for gene quantification in clinical {RNA} sequencing: {polyA}+ selection versus {rRNA} depletion.},
author = {Zhao, Shanrong and Zhang, Ying and Gamini, Ramya and Zhang, Baohong and von Schack, David},
pages = {4781},
url = {http://dx.doi.org/10.1038/s41598-018-23226-4},
year = {2018},
month = {mar},
day = {19},
urldate = {2018-03-22},
journal = {Scientific Reports},
volume = {8},
number = {1},
doi = {10.1038/s41598-018-23226-4},
pmid = {29556074},
pmcid = {PMC5859127},
sciwheel-projects = {Thesis},
abstract = {To allow efficient transcript/gene detection, highly abundant ribosomal {RNAs} ({rRNA}) are generally removed from total {RNA} either by positive {polyA}+ selection or by {rRNA} depletion (negative selection) before sequencing. Comparisons between the two methods have been carried out by various groups, but the assessments have relied largely on non-clinical samples. In this study, we evaluated these two {RNA} sequencing approaches using human blood and colon tissue samples. Our analyses showed that {rRNA} depletion captured more unique transcriptome features, whereas {polyA}+ selection outperformed {rRNA} depletion with higher exonic coverage and better accuracy of gene quantification. For blood- and colon-derived {RNAs}, we found that 220\% and 50\% more reads, respectively, would have to be sequenced to achieve the same level of exonic coverage in the {rRNA} depletion method compared with the {polyA}+ selection method. Therefore, in most cases we strongly recommend {polyA}+ selection over {rRNA} depletion for gene quantification in clinical {RNA} sequencing. Our evaluation revealed that a small number of {lncRNAs} and small {RNAs} made up a large fraction of the reads in the {rRNA} depletion {RNA} sequencing data. Thus, we recommend that these {RNAs} are specifically depleted to improve the sequencing depth of the remaining {RNAs}.}
}
