@article{waddington_1942,
title = {The epigenotype},
author = {Waddington, C H},
year = {1942},
urldate = {2021-11-11},
journal = {Endeavour},
volume = {1},
number = {18}
}
