@article{dobin_2013,
	title        = {{STAR}: ultrafast universal {RNA}-seq aligner.},
	author       = {Dobin, Alexander and Davis, Carrie A and Schlesinger, Felix and Drenkow, Jorg and Zaleski, Chris and Jha, Sonali and Batut, Philippe and Chaisson, Mark and Gingeras, Thomas R},
	year         = 2013,
	month        = {jan},
	day          = 1,
	journal      = {Bioinformatics},
	volume       = 29,
	number       = 1,
	pages        = {15--21},
	doi          = {10.1093/bioinformatics/bts635},
	url          = {http://dx.doi.org/10.1093/bioinformatics/bts635},
	urldate      = {2016-04-25},
	pmid         = 23104886,
	pmcid        = {PMC3530905},
}
@article{gapp_2014,
	title        = {Implication of sperm {RNAs} in transgenerational inheritance of the effects of early trauma in mice.},
	author       = {Gapp, Katharina and Jawaid, Ali and Sarkies, Peter and Bohacek, Johannes and Pelczar, Pawel and Prados, Julien and Farinelli, Laurent and Miska, Eric and Mansuy, Isabelle M},
	year         = 2014,
	month        = {may},
	journal      = {Nature Neuroscience},
	volume       = 17,
	number       = 5,
	pages        = {667--669},
	doi          = {10.1038/nn.3695},
	url          = {http://dx.doi.org/10.1038/nn.3695},
	urldate      = {2021-10-11},
	pmid         = 24728267,
	pmcid        = {PMC4333222},
}
@article{robinson_2010,
	title        = {A scaling normalization method for differential expression analysis of {RNA}-seq data.},
	author       = {Robinson, Mark D and Oshlack, Alicia},
	year         = 2010,
	month        = {mar},
	day          = 2,
	journal      = {Genome Biology},
	volume       = 11,
	number       = 3,
	pages        = {R25},
	doi          = {10.1186/gb-2010-11-3-r25},
	url          = {http://dx.doi.org/10.1186/gb-2010-11-3-r25},
	urldate      = {2016-02-26},
	pmid         = 20196867,
	pmcid        = {PMC2864565},
}
@article{robaire_2011,
	title        = {Androgen action in the epididymis.},
	author       = {Robaire, Bernard and Hamzeh, Mahsa},
	year         = 2011,
	month        = {dec},
	journal      = {Journal of Andrology},
	volume       = 32,
	number       = 6,
	pages        = {592--599},
	doi          = {10.2164/jandrol.111.014266},
	url          = {http://dx.doi.org/10.2164/jandrol.111.014266},
	urldate      = {2021-10-11},
	pmid         = 21764895,
}
@article{robinson_2010a,
	title        = {{edgeR}: a Bioconductor package for differential expression analysis of digital gene expression data.},
	author       = {Robinson, Mark D and {McCarthy}, Davis J and Smyth, Gordon K},
	year         = 2010,
	month        = {jan},
	day          = 1,
	journal      = {Bioinformatics},
	volume       = 26,
	number       = 1,
	pages        = {139--140},
	doi          = {10.1093/bioinformatics/btp616},
	url          = {http://dx.doi.org/10.1093/bioinformatics/btp616},
	urldate      = {2017-04-19},
	pmid         = 19910308,
	pmcid        = {PMC2796818},
}
@article{franklin_2010,
	title        = {Epigenetic transmission of the impact of early stress across generations.},
	author       = {Franklin, Tamara B and Russig, Holger and Weiss, Isabelle C and Gräff, Johannes and Linder, Natacha and Michalon, Aubin and Vizi, Sandor and Mansuy, Isabelle M},
	year         = 2010,
	month        = {sep},
	day          = 1,
	journal      = {Biological Psychiatry},
	volume       = 68,
	number       = 5,
	pages        = {408--415},
	doi          = {10.1016/j.biopsych.2010.05.036},
	issn         = {1873-2402},
	url          = {http://dx.doi.org/10.1016/j.biopsych.2010.05.036},
	urldate      = {2020-01-21},
	pmid         = 20673872,
}
@article{leek_2014,
	title        = {svaseq: removing batch effects and other unwanted noise from sequencing data.},
	author       = {Leek, Jeffrey T},
	year         = 2014,
	month        = {dec},
	day          = 1,
	journal      = {Nucleic Acids Research},
	volume       = 42,
	number       = 21,
	doi          = {10.1093/nar/gku864},
	url          = {http://dx.doi.org/10.1093/nar/gku864},
	urldate      = {2020-04-29},
	pmid         = 25294822,
	pmcid        = {PMC4245966},
}
@article{dragovic_2011,
	title        = {Sizing and phenotyping of cellular vesicles using Nanoparticle Tracking Analysis.},
	author       = {Dragovic, Rebecca A and Gardiner, Christopher and Brooks, Alexandra S and Tannetta, Dionne S and Ferguson, David J P and Hole, Patrick and Carr, Bob and Redman, Christopher W G and Harris, Adrian L and Dobson, Peter J and Harrison, Paul and Sargent, Ian L},
	year         = 2011,
	month        = {dec},
	day          = 1,
	journal      = {Nanomedicine : nanotechnology, biology, and medicine},
	volume       = 7,
	number       = 6,
	pages        = {780--788},
	doi          = {10.1016/j.nano.2011.04.003},
	url          = {http://dx.doi.org/10.1016/j.nano.2011.04.003},
	urldate      = {2021-10-11},
	pmid         = 21601655,
	pmcid        = {PMC3280380},
}
@article{agarwal_2015,
	title        = {Predicting effective {microRNA} target sites in mammalian {mRNAs}.},
	author       = {Agarwal, Vikram and Bell, George W and Nam, Jin-Wu and Bartel, David P},
	year         = 2015,
	month        = {aug},
	day          = 12,
	journal      = {eLife},
	volume       = 4,
	doi          = {10.7554/{eLife}.05005},
	url          = {http://dx.doi.org/10.7554/{eLife}.05005},
	urldate      = {2021-10-11},
	pmid         = 26267216,
	pmcid        = {PMC4532895},
}
@article{gu_2016,
	title        = {Complex heatmaps reveal patterns and correlations in multidimensional genomic data.},
	author       = {Gu, Zuguang and Eils, Roland and Schlesner, Matthias},
	year         = 2016,
	month        = {sep},
	day          = 15,
	journal      = {Bioinformatics},
	volume       = 32,
	number       = 18,
	pages        = {2847--2849},
	doi          = {10.1093/bioinformatics/btw313},
	url          = {http://dx.doi.org/10.1093/bioinformatics/btw313},
	urldate      = {2017-04-19},
	pmid         = 27207943,
}
@article{sharma_2016,
	title        = {Biogenesis and function of {tRNA} fragments during sperm maturation and fertilization in mammals.},
	author       = {Sharma, Upasna and Conine, Colin C and Shea, Jeremy M and Boskovic, Ana and Derr, Alan G and Bing, Xin Y and Belleannee, Clemence and Kucukural, Alper and Serra, Ryan W and Sun, Fengyun and Song, Lina and Carone, Benjamin R and Ricci, Emiliano P and Li, Xin Z and Fauquier, Lucas and Moore, Melissa J and Sullivan, Robert and Mello, Craig C and Garber, Manuel and Rando, Oliver J},
	year         = 2016,
	month        = {jan},
	day          = 22,
	journal      = {Science},
	volume       = 351,
	number       = 6271,
	pages        = {391--396},
	doi          = {10.1126/science.aad6780},
	url          = {http://dx.doi.org/10.1126/science.aad6780},
	urldate      = {2021-10-11},
	pmid         = 26721685,
	pmcid        = {PMC4888079},
}
@article{caballero_2013,
	title        = {{CD9}-positive microvesicles mediate the transfer of molecules to Bovine Spermatozoa during epididymal maturation.},
	author       = {Caballero, Julieta N and Frenette, Gilles and Belleannée, Clémence and Sullivan, Robert},
	year         = 2013,
	month        = {jun},
	day          = 13,
	journal      = {Plos One},
	volume       = 8,
	number       = 6,
	pages        = {e65364},
	doi          = {10.1371/journal.pone.0065364},
	url          = {http://dx.doi.org/10.1371/journal.pone.0065364},
	urldate      = {2021-10-11},
	pmid         = 23785420,
	pmcid        = {PMC3681974},
}
@article{reilly_2016,
	title        = {Characterisation of mouse epididymosomes reveals a complex profile of {microRNAs} and a potential mechanism for modification of the sperm epigenome.},
	author       = {Reilly, Jackson N and {McLaughlin}, Eileen A and Stanger, Simone J and Anderson, Amanda L and Hutcheon, Kate and Church, Kiralee and Mihalas, Bettina P and Tyagi, Sonika and Holt, Janet E and Eamens, Andrew L and Nixon, Brett},
	year         = 2016,
	month        = {aug},
	day          = 23,
	journal      = {Scientific Reports},
	volume       = 6,
	pages        = 31794,
	doi          = {10.1038/srep31794},
	url          = {http://dx.doi.org/10.1038/srep31794},
	urldate      = {2021-10-11},
	pmid         = 27549865,
	pmcid        = {PMC4994100},
}
@article{vlachos_2017,
	title        = {Functional Analysis of {miRNAs} Using the {DIANA} Tools Online Suite.},
	author       = {Vlachos, Ioannis S and Hatzigeorgiou, Artemis G},
	year         = 2017,
	journal      = {Methods in Molecular Biology},
	volume       = 1517,
	pages        = {25--50},
	doi          = {10.1007/978-1-4939-6563-2\_2},
	url          = {http://dx.doi.org/10.1007/978-1-4939-6563-2\_2},
	urldate      = {2021-10-11},
	pmid         = 27924472,
}
@article{zhang_2018,
	title        = {Dnmt2 mediates intergenerational transmission of paternally acquired metabolic disorders through sperm small non-coding {RNAs}.},
	author       = {Zhang, Yunfang and Zhang, Xudong and Shi, Junchao and Tuorto, Francesca and Li, Xin and Liu, Yusheng and Liebers, Reinhard and Zhang, Liwen and Qu, Yongcun and Qian, Jingjing and Pahima, Maya and Liu, Ying and Yan, Menghong and Cao, Zhonghong and Lei, Xiaohua and Cao, Yujing and Peng, Hongying and Liu, Shichao and Wang, Yue and Zheng, Huili and Woolsey, Rebekah and Quilici, David and Zhai, Qiwei and Li, Lei and Zhou, Tong and Yan, Wei and Lyko, Frank and Zhang, Ying and Zhou, Qi and Duan, Enkui and Chen, Qi},
	year         = 2018,
	month        = {may},
	journal      = {Nature Cell Biology},
	volume       = 20,
	number       = 5,
	pages        = {535--540},
	doi          = {10.1038/s41556-018-0087-2},
	issn         = {1465-7392},
	url          = {http://www.nature.com/articles/s41556-018-0087-2},
	urldate      = {2021-10-11},
	pmid         = 29695786,
	pmcid        = {PMC5926820},
}
@article{conine_2018,
	title        = {Small {RNAs} Gained during Epididymal Transit of Sperm Are Essential for Embryonic Development in Mice.},
	author       = {Conine, Colin C and Sun, Fengyun and Song, Lina and Rivera-Pérez, Jaime A and Rando, Oliver J},
	year         = 2018,
	month        = {aug},
	day          = 20,
	journal      = {Developmental Cell},
	volume       = 46,
	number       = 4,
	pages        = {470--480.e3},
	doi          = {10.1016/j.devcel.2018.06.024},
	issn         = 15345807,
	url          = {https://linkinghub.elsevier.com/retrieve/pii/S1534580718305410},
	urldate      = {2021-10-11},
	pmid         = 30057276,
	pmcid        = {PMC6103825},
}
@article{bachiller_1991,
	title        = {Liposome-mediated {DNA} uptake by sperm cells.},
	author       = {Bachiller, D and Schellander, K and Peli, J and Rüther, U},
	year         = 1991,
	month        = {nov},
	journal      = {Molecular Reproduction and Development},
	volume       = 30,
	number       = 3,
	pages        = {194--200},
	doi          = {10.1002/mrd.1080300305},
	url          = {http://dx.doi.org/10.1002/mrd.1080300305},
	urldate      = {2021-10-11},
	pmid         = 1793596,
}
@article{belleanne_2013,
	title        = {{microRNA} signature is altered in both human epididymis and seminal microvesicles following vasectomy.},
	author       = {Belleannée, Clémence and Légaré, Christine and Calvo, Ezéquiel and Thimon, Véronique and Sullivan, Robert},
	year         = 2013,
	month        = {jun},
	journal      = {Human Reproduction},
	volume       = 28,
	number       = 6,
	pages        = {1455--1467},
	doi          = {10.1093/humrep/det088},
	url          = {http://dx.doi.org/10.1093/humrep/det088},
	urldate      = {2021-10-11},
	pmid         = 23539611,
}
@article{gapp_2020,
	title        = {Alterations in sperm long {RNA} contribute to the epigenetic inheritance of the effects of postnatal trauma.},
	author       = {Gapp, K and van Steenwyk, G and Germain, P L and Matsushima, W and Rudolph, K L M and Manuella, F and Roszkowski, M and Vernaz, G and Ghosh, T and Pelczar, P and Mansuy, I M and Miska, E A},
	year         = 2020,
	journal      = {Molecular Psychiatry},
	volume       = 25,
	number       = 9,
	pages        = {2162--2174},
	doi          = {10.1038/s41380-018-0271-6},
	issn         = {1359-4184},
	url          = {http://www.nature.com/articles/s41380-018-0271-6},
	urldate      = {2021-04-29},
	pmid         = 30374190,
	pmcid        = {PMC7473836},
}
@article{reza_2019,
	title        = {Roles of {microRNAs} in mammalian reproduction: from the commitment of germ cells to peri-implantation embryos.},
	author       = {Reza, Abu Musa Md Talimur and Choi, Yun-Jung and Han, Sung Gu and Song, Hyuk and Park, Chankyu and Hong, Kwonho and Kim, Jin-Hoi},
	year         = 2019,
	month        = {apr},
	journal      = {Biological Reviews of the Cambridge Philosophical Society},
	volume       = 94,
	number       = 2,
	pages        = {415--438},
	doi          = {10.1111/brv.12459},
	url          = {http://dx.doi.org/10.1111/brv.12459},
	urldate      = {2021-10-11},
	pmid         = 30151880,
	pmcid        = {PMC7379200},
}
@article{rozowsky_2019,
	title        = {{exceRpt}: A Comprehensive Analytic Platform for Extracellular {RNA} Profiling.},
	author       = {Rozowsky, Joel and Kitchen, Robert R and Park, Jonathan J and Galeev, Timur R and Diao, James and Warrell, Jonathan and Thistlethwaite, William and Subramanian, Sai L and Milosavljevic, Aleksandar and Gerstein, Mark},
	year         = 2019,
	month        = {apr},
	day          = 24,
	journal      = {Cell Systems},
	volume       = 8,
	number       = 4,
	pages        = {352--357.e3},
	doi          = {10.1016/j.cels.2019.03.004},
	url          = {http://dx.doi.org/10.1016/j.cels.2019.03.004},
	urldate      = {2021-03-01},
	pmid         = 30956140,
	pmcid        = {PMC7079576},
}
@article{zhou_2019,
	title        = {Mechanisms of tethering and cargo transfer during epididymosome-sperm interactions.},
	author       = {Zhou, Wei and Stanger, Simone J and Anderson, Amanda L and Bernstein, Ilana R and De Iuliis, Geoffry N and {McCluskey}, Adam and {McLaughlin}, Eileen A and Dun, Matthew D and Nixon, Brett},
	year         = 2019,
	month        = {apr},
	day          = 18,
	journal      = {{BMC} Biology},
	volume       = 17,
	number       = 1,
	pages        = 35,
	doi          = {10.1186/s12915-019-0653-5},
	url          = {http://dx.doi.org/10.1186/s12915-019-0653-5},
	urldate      = {2021-10-11},
	pmid         = 30999907,
	pmcid        = {PMC6474069},
}
@article{chan_2020,
	title        = {Reproductive tract extracellular vesicles are sufficient to transmit intergenerational stress and program neurodevelopment.},
	author       = {Chan, Jennifer C and Morgan, Christopher P and Adrian Leu, N and Shetty, Amol and Cisse, Yasmine M and Nugent, Bridget M and Morrison, Kathleen E and Jašarević, Eldin and Huang, Weiliang and Kanyuch, Nickole and Rodgers, Ali B and Bhanu, Natarajan V and Berger, Dara S and Garcia, Benjamin A and Ament, Seth and Kane, Maureen and Neill Epperson, C and Bale, Tracy L},
	year         = 2020,
	month        = {mar},
	day          = 20,
	journal      = {Nature Communications},
	volume       = 11,
	number       = 1,
	pages        = 1499,
	doi          = {10.1038/s41467-020-15305-w},
	issn         = {2041-1723},
	url          = {http://www.nature.com/articles/s41467-020-15305-w},
	urldate      = {2021-10-11},
	pmid         = 32198406,
	pmcid        = {PMC7083921},
}
@article{suganuma_2005,
	title        = {Decline in fertility of mouse sperm with abnormal chromatin during epididymal passage as revealed by {ICSI}.},
	author       = {Suganuma, Ryota and Yanagimachi, Ryuzo and Meistrich, Marvin L},
	year         = 2005,
	month        = {nov},
	journal      = {Human Reproduction},
	volume       = 20,
	number       = 11,
	pages        = {3101--3108},
	doi          = {10.1093/humrep/dei169},
	url          = {http://dx.doi.org/10.1093/humrep/dei169},
	urldate      = {2021-10-11},
	pmid         = 16037114,
}
@article{tamessar_2021,
	title        = {Roles of male reproductive tract extracellular vesicles in reproduction.},
	author       = {Tamessar, Cottrell T and Trigg, Natalie A and Nixon, Brett and Skerrett-Byrne, David A and Sharkey, David J and Robertson, Sarah A and Bromfield, Elizabeth G and Schjenken, John E},
	year         = 2021,
	month        = {feb},
	journal      = {American Journal of Reproductive Immunology},
	volume       = 85,
	number       = 2,
	pages        = {e13338},
	doi          = {10.1111/aji.13338},
	url          = {http://dx.doi.org/10.1111/aji.13338},
	urldate      = {2021-09-17},
	pmid         = 32885533,
}
@article{nixon_2015,
	title        = {The {microRNA} signature of mouse spermatozoa is substantially modified during epididymal maturation.},
	author       = {Nixon, Brett and Stanger, Simone J and Mihalas, Bettina P and Reilly, Jackson N and Anderson, Amanda L and Tyagi, Sonika and Holt, Janet E and {McLaughlin}, Eileen A},
	year         = 2015,
	month        = {oct},
	journal      = {Biology of Reproduction},
	volume       = 93,
	number       = 4,
	pages        = 91,
	doi          = {10.1095/biolreprod.115.132209},
	url          = {http://dx.doi.org/10.1095/biolreprod.115.132209},
	urldate      = {2021-10-11},
	pmid         = 26333995,
}
@article{vansteenwyk_2020,
	title        = {Involvement of circulating factors in the transmission of paternal experiences through the germline.},
	author       = {van Steenwyk, Gretchen and Gapp, Katharina and Jawaid, Ali and Germain, Pierre-Luc and Manuella, Francesca and Tanwar, Deepak K and Zamboni, Nicola and Gaur, Niharika and Efimova, Anastasiia and Thumfart, Kristina M and Miska, Eric A and Mansuy, Isabelle M},
	year         = 2020,
	month        = {dec},
	day          = 1,
	journal      = {The {EMBO} Journal},
	volume       = 39,
	number       = 23,
	pages        = {e104579},
	doi          = {10.15252/embj.2020104579},
	issn         = {0261-4189},
	url          = {https://onlinelibrary.wiley.com/doi/10.15252/embj.2020104579},
	urldate      = {2021-10-11},
	pmid         = 33034389,
	pmcid        = {PMC7705452},
}
@article{wang_2021,
	title        = {Sperm {microRNAs} confer depression susceptibility to offspring.},
	author       = {Wang, Yanbo and Chen, Zhang-Peng and Hu, Huanhuan and Lei, Jieqiong and Zhou, Zhen and Yao, Bing and Chen, Li and Liang, Gaoli and Zhan, Shoubin and Zhu, Xiaoju and Jin, Fangfang and Ma, Rujun and Zhang, Jun and Liang, Hongwei and Xing, Ming and Chen, Xiao-Rui and Zhang, Chen-Yu and Zhu, Jing-Ning and Chen, Xi},
	year         = 2021,
	month        = {feb},
	day          = 10,
	journal      = {Science Advances},
	volume       = 7,
	number       = 7,
	doi          = {10.1126/sciadv.abd7605},
	url          = {http://dx.doi.org/10.1126/sciadv.abd7605},
	urldate      = {2021-10-11},
	pmid         = 33568480,
	pmcid        = {PMC7875527},
}
@article{choi_2017,
	title        = {Structural analysis of exosomes using different types of electron microscopy},
	author       = {Choi, Hyosun and Mun, Ji Young},
	year         = 2017,
	month        = {sep},
	day          = 30,
	journal      = {Applied Microscopy},
	volume       = 47,
	number       = 3,
	pages        = {171--175},
	doi          = {10.9729/{AM}.2017.47.3.171},
	issn         = {2287-5123},
	url          = {http://www.appmicro.org/journal/view.html?doi=10.9729/{AM}.2017.47.3.171},
	urldate      = {2021-10-11},
}
@article{rejraji_2006,
	title        = {Lipid remodeling of murine epididymosomes and spermatozoa during epididymal maturation.},
	author       = {Rejraji, Hanae and Sion, Benoit and Prensier, Gerard and Carreras, Martine and Motta, Claude and Frenoux, Jean-Marie and Vericel, Evelyne and Grizard, Genevieve and Vernet, Patrick and Drevet, Joël R},
	year         = 2006,
	month        = {jun},
	journal      = {Biology of Reproduction},
	volume       = 74,
	number       = 6,
	pages        = {1104--1113},
	doi          = {10.1095/biolreprod.105.049304},
	url          = {http://dx.doi.org/10.1095/biolreprod.105.049304},
	urldate      = {2021-10-11},
	pmid         = 16510839,
}
@article{thimon_2008,
	title        = {Protein composition of human epididymosomes collected during surgical vasectomy reversal: a proteomic and genomic approach.},
	author       = {Thimon, Véronique and Frenette, Gilles and Saez, Fabrice and Thabet, Michel and Sullivan, Robert},
	year         = 2008,
	month        = {aug},
	journal      = {Human Reproduction},
	volume       = 23,
	number       = 8,
	pages        = {1698--1707},
	doi          = {10.1093/humrep/den181},
	url          = {http://dx.doi.org/10.1093/humrep/den181},
	urldate      = {2021-10-11},
	pmid         = 18482993,
}
@article{skerget_2015,
	title        = {Sperm proteome maturation in the mouse epididymis.},
	author       = {Skerget, Sheri and Rosenow, Matthew A and Petritis, Konstantinos and Karr, Timothy L},
	year         = 2015,
	month        = {nov},
	day          = 10,
	journal      = {Plos One},
	volume       = 10,
	number       = 11,
	pages        = {e0140650},
	doi          = {10.1371/journal.pone.0140650},
	url          = {http://dx.doi.org/10.1371/journal.pone.0140650},
	urldate      = {2021-10-11},
	pmid         = 26556802,
	pmcid        = {PMC4640836},
}
@article{sellem_2020,
	title        = {A comprehensive overview of bull sperm-borne small non-coding {RNAs} and their diversity across breeds.},
	author       = {Sellem, Eli and Marthey, Sylvain and Rau, Andrea and Jouneau, Luc and Bonnet, Aurelie and Perrier, Jean-Philippe and Fritz, Sébastien and Le Danvic, Chrystelle and Boussaha, Mekki and Kiefer, Hélène and Jammes, Hélène and Schibler, Laurent},
	year         = 2020,
	month        = {mar},
	day          = 30,
	journal      = {Epigenetics \& Chromatin},
	volume       = 13,
	number       = 1,
	pages        = 19,
	doi          = {10.1186/s13072-020-00340-0},
	url          = {http://dx.doi.org/10.1186/s13072-020-00340-0},
	urldate      = {2021-10-11},
	pmid         = 32228651,
	pmcid        = {PMC7106649},
}
@article{sullivan_2015,
	title        = {Epididymosomes: a heterogeneous population of microvesicles with multiple functions in sperm maturation and storage.},
	author       = {Sullivan, Robert},
	year         = 2015,
	month        = {oct},
	journal      = {Asian Journal of Andrology},
	volume       = 17,
	number       = 5,
	pages        = {726--729},
	doi          = {10.4103/1008-{682X}.155255},
	url          = {http://dx.doi.org/10.4103/1008-{682X}.155255},
	urldate      = {2021-10-11},
	pmid         = 26112475,
	pmcid        = {PMC4577580},
}
@article{belleanne_2013a,
	title        = {Epididymosomes convey different repertoires of {microRNAs} throughout the bovine epididymis.},
	author       = {Belleannée, Clémence and Calvo, Ézequiel and Caballero, Julieta and Sullivan, Robert},
	year         = 2013,
	month        = {aug},
	day          = 15,
	journal      = {Biology of Reproduction},
	volume       = 89,
	number       = 2,
	pages        = 30,
	doi          = {10.1095/biolreprod.113.110486},
	url          = {http://dx.doi.org/10.1095/biolreprod.113.110486},
	urldate      = {2021-10-11},
	pmid         = 23803555,
}
@article{frenette_2005,
	title        = {Macrophage migration inhibitory factor in the human epididymis and semen.},
	author       = {Frenette, Gilles and Légaré, Christine and Saez, Fabrice and Sullivan, Robert},
	year         = 2005,
	month        = {aug},
	journal      = {Molecular Human Reproduction},
	volume       = 11,
	number       = 8,
	pages        = {575--582},
	doi          = {10.1093/molehr/gah197},
	url          = {http://dx.doi.org/10.1093/molehr/gah197},
	urldate      = {2021-10-11},
	pmid         = 16051683,
}
@article{shao_2017,
	title        = {{miR}-31 Links Lipid Metabolism and Cell Apoptosis in Bacteria-Challenged Apostichopus japonicus via Targeting {CTRP9}.},
	author       = {Shao, Yina and Li, Chenghua and Xu, Wei and Zhang, Pengjuan and Zhang, Weiwei and Zhao, Xuelin},
	year         = 2017,
	month        = {mar},
	day          = 13,
	journal      = {Frontiers in immunology},
	volume       = 8,
	pages        = 263,
	doi          = {10.3389/fimmu.2017.00263},
	url          = {http://dx.doi.org/10.3389/fimmu.2017.00263},
	urldate      = {2021-10-11},
	pmid         = 28348559,
	pmcid        = {PMC5346533},
}
@article{biliska_2006,
	title        = {Hormonal status of male reproductive system: androgens and estrogens in the testis and epididymis. In vivo and in vitro approaches.},
	author       = {Bilińska, Barbara and Wiszniewska, Barbara and Kosiniak-Kamysz, Kazimierz and Kotula-Balak, Małgorzata and Gancarczyk, Monika and Hejmej, Anna and Sadowska, Jolanta and Marchlewicz, Mariola and Kolasa, Agnieszka and Wenda-Rózewicka, Lidia},
	year         = 2006,
	journal      = {Reproductive biology},
	volume       = {6 Suppl 1},
	pages        = {43--58},
	url          = {https://www.ncbi.nlm.nih.gov/pubmed/16967089},
	urldate      = {2021-10-11},
	pmid         = 16967089,
}
@article{zhu_2000,
	title        = {Effects of androgen on androgen receptor expression in rat testicular and epididymal cells: a quantitative immunohistochemical study.},
	author       = {Zhu, L J and Hardy, M P and Inigo, I V and Huhtaniemi, I and Bardin, C W and Moo-Young, A J},
	year         = 2000,
	month        = {aug},
	journal      = {Biology of Reproduction},
	volume       = 63,
	number       = 2,
	pages        = {368--376},
	doi          = {10.1095/biolreprod63.2.368},
	url          = {http://dx.doi.org/10.1095/biolreprod63.2.368},
	urldate      = {2021-10-11},
	pmid         = 10906039,
}
@article{alshanbayeva_2021,
	title        = {Early life stress affects the {miRNA} cargo of epididymal extracellular vesicles in mouse†.},
	author       = {Alshanbayeva, Anar and Tanwar, Deepak K and Roszkowski, Martin and Manuella, Francesca and Mansuy, Isabelle M},
	year         = 2021,
	month        = {sep},
	day          = 14,
	journal      = {Biology of Reproduction},
	volume       = 105,
	number       = 3,
	pages        = {593--602},
	doi          = {10.1093/biolre/ioab156},
	url          = {http://dx.doi.org/10.1093/biolre/ioab156},
	urldate      = {2021-10-11},
	pmid         = 34426825,
}

@book{na_2002,
	title        = {The Epididymis: From Molecules to Clinical Practice: From Molecules to Clinical Practice : a Comprehensive Survey of the Efferent Ducts, the Epididymis and the Vas Deferens},
	year         = 2002,
	publisher    = {Springer Science \& Business Media},
	isbn         = 9780306466847,
	editor       = {Robaire, Bernard and Hinton, Barry and Orgebin-Crist, M.-C.},
	edition      = {illustrated},
}

@book{wickham_2016,
	title        = {ggplot2: Elegant Graphics for Data Analysis (Use R!)},
	author       = {Wickham, Hadley},
	year         = 2016,
	publisher    = {Springer},
	address      = {Cham},
	pages        = 276,
	isbn         = {978-3-319-24277-4},
	urldate      = {2021-10-11},
	edition      = 2,
}
